825 1433
88 67 123 84 490
130 67 135 72 ·
289 67 395 83 LETTERS
411 66 440 83 or
457 66 572 83 ERASMUS
717 64 772 88 [¹5¹9

52 117 79 130 „350
88 111 224 127 mansuetudine
241 110 306 127 mederi
323 110 427 127 vulneribus
443 110 547 127 nocentium
565 115 605 130 sepe
622 109 687 125 lacerat
704 109 770 126 sumam

87 138 208 158 innocentum,
225 138 261 155 imo
274 138 321 160 quod
336 139 362 155 est
376 138 445 155 foedius
460 138 503 154 bene
517 137 630 155 merentium,
656 137 705 154 Haec
719 136 771 153 nobis

87 166 124 183 vice
134 166 165 183 teli
173 167 204 186 est,
215 172 250 187 quo
259 166 370 183 confodimus
379 166 393 183 si
402 167 441 188 quis
449 172 482 183 nos
491 166 574 186 offendat,
584 165 620 182 imo
629 165 644 182 si
653 171 686 181 nec
694 164 770 182 offendat

87 194 117 211 sed
130 194 185 210 officio
198 195 285 215 prouocet.
311 194 364 210 Dicas
375 194 462 211 modicam
474 194 524 210 illam
535 194 617 215 linguam
627 199 696 210 versam
707 194 726 210 in
738 192 771 209 lin>

86 228 139 243 guam
156 222 229 243 viperae.
262 222 310 243 Quin
326 222 385 243 potius
402 222 496 239 Paulinam
512 222 605 239 imitamur
621 221 707 243 linguam,
726 226 769 242 quae

52 256 77 269 555
86 251 154 271 praeter
163 250 260 266 Dominum
270 250 331 266 Iesum
339 250 385 266 nihil
394 256 455 267 sonare
463 251 520 271 potest
528 251 537 267 ἱ)
561 250 608 271 Quin
618 249 678 271 potius
688 248 770 265 memiui-

86 283 126 294 mus
134 277 271 299 praedicatorem
280 277 363 299 angelum
371 284 409 295 esse
417 278 495 298 Domini,
505 284 514 294 e
524 278 574 295 cuius
583 283 612 294 ore
622 277 699 299 populus
710 277 768 298 legem

86 306 165 326 expectat
173 305 209 326 Dei,
217 311 253 322 non
260 306 340 322 conuicia
346 306 364 322 in
371 306 451 323 membra
458 306 525 323 Christi
532 312 536 326 ;
545 305 678 327 plurimumque
685 305 771 321 interesse

86 333 132 349 inter
138 333 273 355 hierophantam
280 335 297 350 et
303 334 436 355 sycophantam,
444 334 491 350 inter
497 334 600 355 theologum
607 335 624 350 et
631 333 768 354 spermologum,

86 361 131 377 inter
140 361 230 378 doctorem
239 363 256 378 et
265 362 359 378 delatorem
365 362 374 378 ?
393 362 426 378 Hic
434 362 562 383 Episcoporum
569 362 626 383 partes
633 361 768 382 desyderantur,

51 392 78 409 360
86 394 162 410 quorum
173 390 200 405 est
211 395 271 406 curare
283 395 304 406 ne
316 390 383 411 passim
393 390 450 406 cuiuis
460 390 512 406 detur
522 390 571 406 locus
580 389 625 410 apud
634 389 720 410 populum
729 394 769 405 con-

85 416 171 433 cionandi.
192 417 227 433 Nec
236 418 279 434 satis
288 423 325 434 esse
333 418 425 434 credamus
433 418 454 434 ad
464 423 529 434 munus
535 417 659 438 Apostolicum
666 416 768 433 obeundum

84 445 152 465 gestare
160 445 251 461 cucullam⁴
279 445 317 461 Non
327 450 389 461 omnes
398 445 428 466 qui
436 445 516 466 linguam
526 445 597 464 hahent,
607 450 635 461 eor
644 444 716 461 hahent.

108 472 142 488 Sed
151 472 179 488 his
188 472 207 489 de
217 473 269 489 rebus
280 473 324 489 alias
336 473 409 489 fortasse
420 473 531 490 commodius
542 473 621 493 dicetur;
634 478 682 489 nune
691 474 711 489 vt
719 471 741 488 ad
750 472 767 488 id

85 500 131 521 quod
140 500 158 516 in
167 500 249 517 manibus
258 502 299 519 erat.
310 501 384 517 redeam.
410 501 456 518 Cum
465 501 532 517 Paulus
541 501 603 517 noster
612 500 675 522 vbique
685 501 733 517 vafer
745 500 768 516 sit

51 531 76 549 3⁶5
85 533 104 544 ae
111 528 196 548 lubricus,
204 528 221 544 in
229 528 257 544 his
263 530 322 545 tamen
330 528 398 545 duabus
406 528 485 550 epistolis
492 529 516 545 sic
525 529 610 550 polypum
619 534 638 544 ac
647 528 768 545 chamaeleon-

84 556 126 575 tem,
136 556 161 572 sic
173 556 257 572 Proteum
268 562 287 573 ac
298 556 418 573 Vertumnum
430 556 519 577 quendam
532 557 574 577 agit,
584 557 604 573 vt
616 562 657 573 cum
670 555 769 573 Corinthiis

84 583 179 605 plusquam
191 584 262 600 Graecis
270 589 327 605 agens,
337 584 467 605 quodammodo
480 584 531 601 iuxta
543 585 594 601 vetus
604 584 720 605 prouerbium
729 584 769 605 πρὸς

85 612 141 631 Κρῆτα
150 612 227 632 qurlg‘av
235 612 320 628 videatur.
330 612 348 628 in
358 612 417 629 omnia
426 618 444 629 se
453 615 524 629 vertens
533 618 567 634 quo
577 612 617 629 illos
625 612 740 634 transfiguret
749 612 767 628 in

85 638 177 655 Christum
185 645 189 655 1
205 639 248 656 adeo
265 645 295 656 eeu
312 645 343 661 per
359 640 417 657 varios
436 640 530 657 labirinthi
547 640 603 657 flexus
620 646 658 656 sese
674 640 731 656 voluit
748 645 768 656 ac

49 673 76 686 ,πο
84 666 165 686 τρυοῐυί(,
178 666 253 683 subinde
263 667 309 684 alius
321 670 373 689 atque
386 668 432 685 alius
445 668 497 685 nobis
509 668 598 690 prodiens.
623 668 680 689 Quam
692 667 767 690 supplex

83 699 102 710 ac
116 694 192 711 blandus
204 694 272 715 alicubi,
287 695 365 712 obsecrat
378 702 409 717 per
420 696 577 713 mansuetudinem
592 696 664 717 Christi,
678 697 732 717 rogat,
747 696 766 712 vt

84 722 141 739 ferant
150 722 247 739 stulticiam
262 729 312 740 suam
326 723 463 746 aliquantisper!
488 724 558 741 Rursus
572 725 653 741 austerus
669 730 687 740 ac
705 723 766 740 niinax

84 750 153 770 clamaty
171 751 201 766 An
217 751 358 771 experimentum
377 751 460 772 quaeritis
480 757 511 772 per
530 758 558 768 me
578 751 668 773 loquentis
685 751 769 768 Christi?

83 777 133 793 Alibi
145 783 183 794 sese
195 777 278 795 deiiciens
287 778 386 800 peripsema
394 785 412 796 se
418 780 474 800 vocaty
484 779 586 796 abortiuum
594 780 611 796 et
618 779 713 800 indignum
720 779 767 800 Apo·

49 811 75 825 375
83 805 124 821 stoli
136 805 212 826 nomine,
222 811 241 822 ac
254 812 295 823 mox
307 806 370 828 ingens
382 808 400 823 et
411 808 479 824 erectus
491 808 567 824 summis
580 807 634 824 etiam
644 807 738 829 Apostolis
748 813 766 824 se

83 833 169 854 p1·aefert;
182 833 210 849 hic
222 834 273 850 humi
286 834 336 855 repit,
351 835 386 851 illic
399 841 408 851 e
421 835 475 852 tercio
488 835 536 852 coelo
548 836 600 852 nobis
612 837 688 857 apparet.
714 835 767 852 Nunc

83 861 171 878 collaudat
188 861 321 879 Corinthiorum
337 863 426 884 pietatem,
441 868 483 879 mox
499 863 518 880 in
535 863 580 880 vicia
595 863 669 880 illorum
685 863 764 880 detonat.

83 889 172 909 Quaedam
184 889 242 910 palam
253 890 313 912 exigit,
326 891 412 912 quaedam
424 897 456 908 ceu
469 897 500 912 per
512 891 605 908 cuniculos
617 891 703 908 insinuat.
728 891 766 907 Ali-

83 917 123 934 cubi
133 918 225 939 imperitus
233 924 314 935 sermone
322 919 368 935 nihil
376 920 428 936 nouit
437 919 473 936 nisi
485 919 552 940 Iesum,
561 920 579 936 et
589 919 636 936 hunc
647 919 752 936 crucifixum
761 926 766 940 ;

48 948 75 964 380
82 946 146 962 alicubi
159 946 264 967 sapientiam
279 946 358 967 loqu-itur
372 947 419 964 inter
433 947 525 969 perfectos.
550 947 622 964 Aljcubi
638 947 731 964 cordatum
746 953 765 964 ae

82 973 161 990 sobrium
170 974 211 995 agit,
221 980 240 991 ae
252 980 313 991 rursus
325 974 368 991 alibi
379 976 435 992 surnit
446 975 480 992 sibi
491 976 543 992 stulti
555 981 652 997 parumque
663 975 718 992 sobrii
728 981 766 997 per-

82 1007 148 1019 sonam.
170 1002 221 1019 Nunc
229 1008 283 1019 suum
291 1003 319 1019 ius
327 1003 361 1019 sibi
368 1003 437 1020 fortiter
444 1003 511 1024 asserit,
519 1009 561 1020 mox
568 1003 605 1020 illis
611 1003 675 1020 blande
682 1004 764 1020 remittit.

82 1030 109 1046 Ex
117 1030 177 1047 animo
185 1030 265 1052 loquitur
272 1031 343 1052 alicubi,
352 1032 379 1048 est
387 1032 417 1048 vbi
424 1032 499 1054 εἰρωνεῦει
506 1038 510 1049 :
520 1032 639 1049 ‘Condonate’
646 1032 706 1054 inquit
713 1032 766 1048 ¹mihi

81 1058 126 1075 hanc
136 1058 231 1076 iniuriam*
260 1059 346 1081 Reperias
355 1059 384 1076 vbi
395 1060 428 1076 sibi
439 1065 503 1082 parum
515 1061 595 1077 constare
605 1060 691 1081 videatur,
702 1061 726 1077 ita
737 1061 766 1077 sui

47 1088 73 1106 385
81 1086 173 1103 dissimilis
182 1088 201 1103 vt
210 1088 287 1104 maxime
295 1088 356 1104 tamen
364 1088 388 1104 sit
396 1088 424 1104 sui
432 1088 502 1108 similis,
514 1088 539 1104 ita
547 1088 651 1104 inconstans
660 1090 679 1104 vt
688 1088 766 1105 maxime

81 1115 169 1131 constans.
190 1114 282 1137 Nusquam
292 1115 340 1132 enim
348 1122 385 1132 non
394 1116 430 1137 agit
439 1116 507 1133 Christi
516 1117 619 1138 negocium;
630 1122 719 1138 nusquam
728 1122 764 1133 non

81 1142 158 1159 consulit
169 1143 226 1164 gregis
236 1144 264 1160 sui
277 1144 378 1165 commodis,
388 1144 420 1161 fidi
432 1144 497 1161 medici
509 1145 550 1166 ritu,
561 1145 632 1162 nullum
644 1146 764 1162 remediorum

81 1176 137 1192 genus
145 1176 181 1187 non
190 1171 285 1188 admonens
294 1178 328 1193 quo
337 1173 433 1194 perfectam
442 1173 537 1190 sanitatem
546 1173 583 1190 suis
591 1173 677 1190 restituat.

104 1198 182 1215 Sudatur
189 1198 210 1215 ab
219 1199 345 1217 eruditissimis
353 1201 397 1217 viris
404 1201 423 1217 in
429 1201 539 1223 explicandis
546 1202 640 1223 poetarum
646 1208 665 1219 ac
672 1203 765 1220 rhetorum

46 1234 73 1248 390
81 1226 173 1247 consiliis;
185 1228 203 1243 at
215 1227 233 1243 in
244 1227 277 1244 hoc
286 1228 357 1245 rhetore
366 1229 418 1251 longe
427 1229 467 1251 plus
478 1230 548 1247 sudoris
560 1231 591 1250 esty
603 1231 622 1246 vt
633 1230 766 1252 deprehaendas

99 1267 130 1284 εει,
141 1268 172 1281 Nee
179 1277 183 1281 .
191 1277 195 1280 .
202 1268 246 1288 23⁵²
253 1268 330 1281 euenum
337 1270 368 1282 aaa
375 1274 388 1286 η.
454 1274 486 1287 375⁴
497 1275 513 1284 se
519 1275 539 1284 a:
548 1275 580 1285 sese
587 1272 599 1284 e.
663 1272 696 1289 3⁸0.
707 1272 765 1286 alieubi

80 1291 98 1299 a:
108 1286 156 1300 inubi
163 1291 181 1302 ⁷1:
191 1286 228 1299 anm
235 1287 247 1300 ε,
304 1287 336 1304 3⁸3.
347 1288 399 1305 inquit
406 1290 438 1303 aad.
446 1293 459 1305 η.
