825 1433
109 59 151 83 964]
353 64 383 80 To
400 64 486 81 HENRY
502 65 550 82 V111
759 65 792 81 581

108 105 254 127 pulcherrimum,
264 106 290 123 ita
299 108 410 125 rarissimum
421 110 453 130 est,
461 110 541 131 vtroque.
567 109 602 126 His
613 110 724 126 ornamentis
735 110 794 126 existi·
802 111 821 124 60

107 138 146 149 mas
161 133 213 155 longe
227 134 292 151 melius
305 135 383 153 decorari
396 142 470 158 regnum
483 138 534 154 tuum
548 144 601 159 quam
611 138 653 155 vllis
665 138 754 159 trophaeis
763 139 794 154 aut

107 161 210 178 fornicibus.

131 189 167 206 Nec
184 189 248 207 harum
265 196 325 208 rernm
342 193 394 208 autor
413 198 432 209 es
451 193 510 210 solum
530 194 561 210 aut
582 194 661 210 hortator
677 194 793 211 verumetiam

106 217 222 239 exemplunm
240 224 276 235 non
289 220 339 236 enim
349 220 404 237 edicis
416 220 469 237 modo
482 222 600 238 verumetiam
613 222 690 242 exhibes,
705 222 741 238 imo
754 222 794 243 plus

106 246 186 266 praestas
203 246 240 267 ipse
257 252 310 268 quam
327 248 367 264 aliis
383 248 494 269 praescribis*
521 249 585 266 Grauis
601 251 618 266 et
632 250 692 266 efficax
707 251 734 266 est
747 250 794 271 regis
802 250 819 269 ⁶5

105 273 192 290 autoritas
201 274 285 295 iubentis,
291 275 321 291 sed
331 276 379 292 dictu
388 276 455 293 mirum
464 278 529 298 quanto
538 277 623 294 efficacior
631 278 738 299 praestantis
747 277 793 300 quod

106 301 160 322 iubet,
168 307 188 318 ac
194 301 254 323 legum
263 308 335 319 suarum
345 303 435 325 exemplar
443 305 480 320 tota
489 304 526 321 vita
535 305 618 326 ponentis
626 306 648 322 ob
656 305 722 322 oculos.
737 306 794 327 Leges

105 329 139 346 tibi
149 335 185 346 non
194 330 292 351 minantur,
302 332 320 348 at
327 332 367 353 quis
375 332 403 348 vel
412 332 460 348 inter
468 332 547 353 priuatos
556 339 592 350 vno
603 334 620 349 te
631 333 690 355 legum
699 334 794 350 obseruan»

105 357 154 374 tior?
166 358 206 379 quis
218 358 353 380 incorruptior?
367 360 407 381 quis
418 361 510 381 pactorum
522 361 614 377 tenacior?
628 361 668 382 quis
682 362 701 378 in
715 362 794 378 amicitia

105 386 230 403 constantior?
248 387 288 409 quis
302 387 353 409 aequi
368 387 445 409 iustique
456 388 560 405 amantior?
584 389 631 410 Quae
645 389 712 406 ciuium
728 389 793 406 domus
802 395 819 409 70

104 413 149 430 casti
166 414 294 436 concordisque
310 415 389 436 coniugii
405 416 442 432 tam
458 416 531 433 euidens
550 416 604 433 habet
618 417 734 438 exemplu-m?
757 417 793 434 Vbi

105 441 181 462 reperias
198 442 261 463 optimi
282 442 342 459 mariti
361 443 419 464 magis
437 443 525 460 aemulam
543 444 650 465 coniugem?
674 445 708 465 Qui
726 444 793 466 priuati

104 470 182 490 penates,
194 470 230 487 imo
245 470 293 492 quod
306 471 406 492 collegium,
419 477 462 492 quae
474 472 564 488 academia
577 472 620 489 viris
631 472 734 493 integritate
745 472 793 489 vitae

104 497 221 520 doctrinaque
229 498 317 520 singulari
326 499 457 520 praestantibus
464 500 543 516 ornatior
552 500 579 516 est
585 506 660 521 vsquam
669 506 722 522 quam
729 501 760 517 tua
769 500 793 517 sit

104 526 157 543 aula?
182 526 254 543 Veteres
267 527 294 543 illi
307 528 369 548 poetae
381 527 462 544 seculum
474 527 534 544 nescio
544 528 591 549 quod
600 533 673 545 aureum
681 528 719 544 suis
727 528 792 545 fabulis
800 534 817 548 75

105 554 157 571 nobis
169 554 292 576 prodiderunt*
318 556 375 576 Atqui
388 555 431 571 haec
444 561 485 572 cum
497 556 534 577 agit
547 557 578 572 tua
590 556 681 577 celsitudo,
691 556 734 577 quid
743 556 791 573 aliud

103 587 168 603 quaeso
177 588 230 604 quam
242 583 323 599 seculum
332 589 373 599 vere
385 589 458 600 aureum
470 583 522 600 nobis
534 584 610 604 reducit,
618 584 633 601 si
644 585 704 601 tamen
713 590 791 606 vnquam

103 610 138 627 fuit
145 610 214 627 vllum:
227 616 247 627 ae
255 616 284 627 res
293 612 330 628 tam
338 611 394 628 ardua
403 611 445 628 adeo
456 612 536 628 succedit
547 612 584 628 tuis
595 612 679 634 auspiciis
687 613 707 629 vt
716 612 791 629 dubium

104 644 139 655 non
147 639 171 655 sit
180 639 223 660 quin
233 639 337 656 fauentibus
348 639 417 661 superis
428 640 504 661 geratur.
531 639 579 660 Quae
590 640 638 661 regio
646 641 735 657 terrarum
743 646 791 657 nunc

103 672 139 683 non
148 667 248 689 gratulatur
256 667 366 688 Britanniae,
376 668 392 684 si
400 668 452 688 fauet,
459 673 496 684 non
504 668 579 689 inuidet,
588 668 603 684 si
611 674 675 690 parum
684 668 729 685 bene
738 668 792 685 vult?
800 672 817 685 80

102 695 153 716 Quod
162 696 215 712 hodie
223 701 299 717 regnum
308 697 347 713 toto
355 697 444 713 terrarum
452 696 494 713 orbe
504 696 582 713 nobilius
590 697 621 712 aut
630 696 731 713 celebrius?

126 723 217 740 Nimirum
234 724 280 746 regis
296 724 368 741 animus
383 725 410 741 est
427 724 457 746 qni
478 730 532 746 regna
552 724 635 741 nobilitat
656 724 684 741 vel
703 724 789 741 obscurat.

102 751 171 772 Quibus
185 752 241 772 libris,
251 752 317 773 quibus
332 752 401 773 linguis
417 752 461 768 olim
478 753 505 768 est
521 752 631 768 celebratura
645 752 746 773 posteritas,
757 752 790 769 sub

102 779 179 796 Henrico
194 781 261 801 octauo,
271 781 357 801 tanquam
368 780 387 796 in
400 780 432 796 hoc
444 780 519 797 coelitus
532 780 598 796 emisso
609 779 693 801 principe,
703 780 728 797 sic
740 780 790 796 omni

101 813 164 829 genere
172 808 260 825 virtutum
269 808 366 825 effloruisse
375 808 488 825 Britanniam
495 809 515 824 vt
522 808 579 825 videri
587 808 643 829 possit
652 809 723 824 renata:
736 814 790 830 quam
798 812 815 829 85

101 836 126 853 sic
142 836 222 853 moribus
239 837 360 858 incorruptam
378 836 474 853 reddiderit
489 837 509 852 vt
524 836 546 853 ab
563 836 596 853 hac
613 836 641 853 vel
657 836 695 858 ipsa
711 836 790 853 Massilia

102 864 206 886 disciplinas
219 864 277 881 ciuilis
289 865 391 886 exemplum
404 866 463 886 petere
475 865 537 886 possit,
546 865 572 881 sic
586 865 652 886 pietate
663 864 761 886 pollentem
770 866 790 881 vt

100 892 128 909 vel
138 893 172 914 ipsi
181 893 247 909 Romae
256 894 310 914 queat
318 899 356 910 esse
367 893 438 915 pietatis
450 893 540 915 magistra7
551 893 576 909 sic
584 892 706 909 abundantem
714 892 790 909 eruditis

101 921 145 938 viris
159 921 178 937 in
193 921 243 938 omni
256 921 348 938 doctrinas
360 927 424 943 genere
437 922 457 938 vt
469 921 511 937 huic
525 921 606 937 inuidere
617 921 673 942 possit
685 920 743 941 Italia,
754 920 789 937 nisi

99 949 200 966 studiorum
212 949 309 966 aemulatio
324 949 401 966 nesciret
414 949 514 969 inuidiam;
533 949 623 970 postremo
635 949 663 965 cui
678 948 720 965 talis
734 948 788 965 fuerit
796 956 814 969 90

101 977 187 999 Princeps
195 979 214 994 vt
223 977 308 994 omnibus
319 978 338 994 in
349 978 441 999 posterum
450 976 563 998 principibus
572 976 642 998 imperii
651 976 724 998 gerendi
732 977 789 998 possit

98 1011 136 1022 esse
149 1006 213 1028 regula.
240 1006 298 1022 Deum
312 1005 438 1025 immortalem,
448 1005 482 1021 hoc
494 1005 568 1021 demum
579 1006 606 1021 est
617 1010 692 1026 regnum
701 1010 744 1026 essey
754 1005 788 1022 hoc

99 1034 171 1051 demum
183 1035 210 1051 est
223 1040 282 1056 regem
295 1039 352 1056 agere,
361 1033 394 1050 hoc
407 1034 433 1050 est
445 1033 505 1049 aulam
518 1032 634 1054 principalem
643 1033 712 1050 habere.
739 1033 787 1050 Olim

98 1063 179 1085 impenso
194 1063 271 1084 quodam
286 1068 346 1079 amore
362 1062 457 1078 literarum
474 1062 527 1082 atque
544 1061 577 1077 ocii
594 1061 686 1078 dulcedine
703 1061 787 1078 nonmhil

96 1091 214 1108 abhorrebam
224 1097 234 1107 a
242 1096 305 1112 regum
314 1090 365 1107 aulis.
388 1090 439 1106 Nune
444 1095 486 1105 vero
495 1094 536 1105 cum
545 1089 606 1105 animo
614 1089 725 1110 contemplor
734 1095 787 1111 quem
796 1097 813 1110 95

97 1119 200 1141 Principem
212 1124 232 1135 ac
244 1119 375 1135 moderatorem
385 1117 450 1134 habeat
461 1117 502 1133 aula
511 1116 620 1138 Britannicay
631 1122 684 1138 quam
693 1117 786 1139 Reginam,

97 1153 141 1170 quos
149 1153 234 1169 proceres,
244 1152 287 1169 quos
298 1153 308 1164 a
319 1146 403 1167 consiliis,
414 1151 458 1167 quos
469 1145 492 1162 ab
504 1145 570 1166 officiiS,
579 1145 670 1166 impendio
679 1145 725 1162 mihi
733 1146 787 1168 gestit

96 1176 168 1193 animus
182 1176 201 1192 in
215 1175 270 1192 talem
283 1175 343 1192 aulam
359 1174 465 1196 immigrare.
491 1173 528 1190 Nec
539 1173 614 1194 puderet
628 1174 737 1195 ambitionis,
751 1174 787 1191 nisi

96 1204 205 1221 valetudinis
221 1203 337 1220 imbecillitas
354 1203 390 1219 iam
406 1202 446 1224 plus
463 1201 517 1218 etiam
534 1207 587 1223 quam
603 1207 634 1223 pro
651 1202 714 1219 aetatis
733 1202 787 1219 modo

95 1232 219 1254 ingrauescens
234 1231 357 1248 dissuaderet:
379 1230 449 1247 etiamsi
466 1229 513 1246 nihil
530 1231 557 1246 est
573 1230 619 1251 quod
635 1230 665 1247 hic
682 1230 786 1247 ambitionis
795 1236 822 1246 100

113 1275 136 1288 85.
148 1274 225 1292 Massilia]
234 1274 256 1288 cr
266 1275 312 1290 Adaq.
324 1273 370 1290 12985
380 1272 426 1286 rerer·
474 1272 497 1289 96-
508 1272 543 1285 aula
559 1272 657 1291 Britannica]
675 1272 696 1286 cf.
711 1272 738 1290 Ep,
753 1273 786 1290 855-

94 1295 129 1312 nng
136 1295 152 1308 to
158 1293 192 1307 Val.
201 1293 239 1308 Max.
248 1297 261 1307 η,
269 1293 282 1306 6.
291 1297 304 1310 7.
456 1291 474 1304 28
479 1295 495 1305 n.
