825 1433
91 57 131 80 778]
285 59 314 76 To
331 59 445 77 WILLIAM
461 61 578 79 BUDAEUS
737 63 772 79 229

88 107 175 123 reponere,
184 108 274 120 summam
286 104 415 121 contumeliam
425 106 532 126 rependisse.
558 106 615 127 Atqui
626 106 641 122 si
652 105 686 127 ipsi
696 106 738 122 licet
749 107 771 123 ab

88 130 194 152 Augustino,
207 131 310 152 Ambrosio,
322 131 438 153 Hieronymo,
452 132 489 149 imo
500 133 554 150 semel
565 133 587 150 ab
600 133 682 150 omnibus
693 134 772 155 antiquis

88 163 107 175 ac
119 159 199 180 probatis
211 159 310 180 dissentire,
326 159 372 176 mihi
384 165 420 176 non
433 160 494 177 licebit
507 161 535 177 vel
548 161 643 178 honorifice
655 161 749 178 dissentire
762 167 771 178 a

89 186 160 204 Fabro?
183 186 207 203 Et
220 187 262 203 haec
276 187 310 204 erit
324 188 431 209 scriptorum
445 188 527 209 conditio,
542 190 562 205 vt
576 189 675 211 quicunque
690 195 700 206 a
714 189 771 206 Fabro

88 214 184 235 dissentiat,
199 215 215 231 is
228 215 332 236 Euangeliis
345 217 363 232 et
380 215 433 233 sacris
450 215 525 238 eloquiis
540 217 656 234 aduersetur?
681 217 771 239 Ingenuae

88 243 152 259 mentis
160 243 224 259 eratin
236 243 337 260 manifestis
347 243 409 260 erratis
420 249 471 265 agere
480 244 547 265 gratias
558 245 589 266 qui
599 245 703 267 monuisset,
712 246 729 262 et
740 247 770 267 qui

88 270 187 287 monuisset
202 276 238 287 non
255 271 313 288 solum
329 276 380 293 parce
397 271 523 293 moderateque
537 273 653 289 verumetiam
669 273 770 290 honorifice.

88 299 111 315 Et
121 299 181 316 tamen
193 299 230 320 ipse
242 305 264 316 ne
276 299 352 321 priuatis
365 299 437 320 quidem
450 299 507 316 literis
519 305 557 317 sese
569 300 615 317 mihi
626 301 655 317 vel
666 302 730 324 purgat
742 302 770 318 vel
780 309 786 318 2
797 309 804 322 5

88 326 171 347 defendit,
180 326 234 349 idque
245 327 301 344 semel
313 328 366 349 atque
377 327 443 344 iterum
456 333 466 344 a
478 332 506 344 me
519 329 636 349 prouocatus;
649 328 685 345 imo
697 329 771 351 perinde

88 355 137 376 quasi
152 355 204 376 lesus,
221 355 280 372 nescio
296 355 338 376 quid
355 354 446 372 minarum
464 355 530 376 spirare
547 355 615 372 dicitur.
647 356 717 376 Quanto
733 357 770 378 ipse

88 382 185 405 simplicius
203 383 233 405 qui
252 384 314 400 statim
333 383 391 400 literis
411 383 517 400 denunciaui
537 383 649 405 Apologiam,
667 384 770 406 priusquam

88 411 159 428 adorsms
176 417 232 428 essem
250 411 331 432 seribere,
349 413 366 428 et
386 411 484 428 absolutam
501 412 583 433 protinus
602 417 633 433 per
653 412 770 429 Sorbonieum

88 439 175 460 quendam
187 439 208 456 ad
221 439 281 460 ipsum
294 439 341 460 misi,
355 439 433 456 scribens
445 444 489 460 quae
501 444 533 460 pro
546 440 623 460 tempore
638 439 712 457 dicenda
724 440 770 457 vide-

88 467 161 484 bantur!

110 495 171 517 Neque
180 501 222 512 vero
234 495 333 516 periculum
345 501 382 512 esse
394 496 437 517 puto
449 501 471 511 ne
482 494 572 512 tribuatur
583 495 712 513 inconstantiae
722 497 770 517 quod

88 523 164 540 Fabrum
179 523 231 540 toties
245 523 338 540 laudatum
353 529 401 540 nunc
415 523 499 540 refellam.
525 523 607 539 Primum
624 523 672 540 enim
688 524 715 540 illi
731 530 770 541 con-

87 551 168 569 ueniebat
184 551 275 573 imputari,
289 557 326 568 non
343 551 393 571 mihi,
411 552 426 568 si
443 551 485 573 quid
501 551 538 572 ipse
555 551 657 568 dissiderem
671 557 682 568 a
696 552 768 574 meipso,

87 581 199 601 posteaquam
213 579 244 596 ille
259 585 314 601 vsque
329 579 373 596 adeo
387 579 414 596 sui
429 579 522 596 dissimilis
536 585 573 596 esse
588 580 678 601 coepisset.
704 580 769 597 Scribit
779 589 785 598 2
799 589 804 592 -

87 608 134 625 enim
142 608 158 625 is
166 607 197 629 qui
205 607 282 624 reddidit
290 607 403 629 Apologiam,
411 607 489 624 Fabrum
495 607 526 624 vbi
534 607 627 629 recepisset
635 613 679 628 eam,
690 609 769 630 arguisse

87 642 115 653 me
122 636 205 653 leuitatis.
231 636 250 653 Si
259 636 339 653 leuitatis
348 637 374 653 est
383 636 492 653 intentatum
501 635 545 652 falso
554 635 621 652 crimen
630 636 717 657 depellere
726 636 768 653 ciui-

86 664 130 685 liter,
139 670 197 686 queso,
206 664 231 681 sic
245 664 323 681 amicum
336 670 358 680 ex
371 664 441 681 insidiis
452 664 517 680 adoriri
529 670 564 685 quo
576 664 671 681 donabitur
683 664 770 681 nomine:>

87 693 145 714 Atque
153 692 222 709 vtinam
230 692 275 709 mihi
284 697 315 714 per
323 692 376 709 illum
385 692 464 709 licuisset
473 692 509 709 mei
515 692 593 709 similem
601 697 644 713 esse,
651 692 769 714 laudibusque

85 720 133 737 illius
146 726 214 742 semper
226 720 294 742 aliquid
306 720 412 742 adiungere!
442 720 478 737 Nec
491 722 551 737 tamen
563 721 645 742 παλινῳδῶ
658 726 703 742 quae
715 720 769 737 hono-

86 749 132 766 rifice
145 750 166 766 de
179 749 210 766 illo
222 748 328 770 praedicaui,
342 749 379 766 imo
394 755 417 765 ne
429 749 537 766 sententiam
550 748 622 770 quidem
634 749 655 765 de
667 748 698 765 illo
711 754 768 765 mean-1

85 776 141 793 adhuc
159 777 227 794 mutare
247 782 332 798 possum:
351 777 421 793 tantum
442 776 519 793 demiror
535 776 578 798 quid
596 776 678 793 acciderit
694 777 768 793 homini.

86 805 177 822 Postremo
192 811 229 822 uon
240 805 303 821 statim
315 805 406 826 vituperat
417 805 494 821 alterum
504 805 585 826 quisquis
597 810 633 821 sese
646 805 712 822 tuetur.
737 804 770 821 Ius

85 834 111 850 est
123 833 213 855 publicum
226 833 264 850 vim
276 833 295 850 vi
307 833 415 855 propulsare.
440 833 533 850 Caeterum
546 833 577 850 vbi
590 832 611 849 de
623 832 656 849 fide
669 833 769 850 Christiana

85 861 146 883 agitur,
160 861 235 883 impium
248 861 302 878 etiam
316 862 343 878 est
357 866 428 878 causam
441 861 541 878 aduersario
554 861 628 878 tradere.
653 861 713 878 Tuum
725 861 768 878 iudi-

85 890 131 906 cium
144 895 180 907 non
192 889 246 912 exegi,
257 890 296 907 siue
308 890 355 911 quod
367 890 485 912 perspicerem
496 895 534 906 rem
544 890 570 906 tui
583 889 617 906 fori
629 895 665 906 nou
677 895 719 910 esse,
731 890 768 906 siue

85 918 130 940 quod
138 918 182 935 alias
189 918 345 940 occupatissimum
352 923 423 935 onerare
432 917 503 939 nollem,
511 917 548 934 siue
557 923 579 934 ne
586 918 639 939 (quod
648 919 675 934 est
682 917 768 935 molestis>

84 946 156 968 simum)
168 946 214 963 inter
229 946 273 963 duos
285 946 352 963 amicos
368 946 434 963 arbiter
449 946 555 963 alterutrum
573 946 660 963 offendere
676 946 767 968 cogereris.

84 975 142 996 Atque
153 974 222 991 vtinam
235 974 268 991 hoc
280 975 299 991 in
312 975 371 991 totum
384 976 473 996 praestare
485 974 568 995 licuisset,
579 979 601 991 ne
614 974 642 991 vel
655 974 712 991 Fabro
724 974 769 996 quis-

83 1003 130 1025 piam
143 1003 247 1020 mortalium
259 1008 299 1020 mea
312 1008 363 1020 eausa
380 1003 441 1020 miuus
456 1004 501 1019 esset
515 1002 588 1022 amicus,
601 1002 630 1019 vel
642 1002 673 1019 ille
685 1003 767 1024 cuiquam

83 1031 171 1053 iniquior!

106 1060 155 1081 Quod
170 1060 185 1077 si
198 1061 222 1081 tu,
237 1060 263 1076 mi
277 1059 341 1082 Budee,
356 1065 391 1076 non
409 1059 487 1082 graneris
504 1059 558 1076 huius
572 1064 633 1076 causae
647 1059 767 1081 cognitionem

83 1088 174 1110 suscipere,
184 1088 261 1109 etiamsi,
270 1090 290 1105 vt
299 1088 341 1109 dixi,
351 1093 379 1104 res
389 1094 425 1104 non
433 1089 460 1104 est
469 1087 543 1104 omnino
552 1088 579 1104 tui
587 1087 677 1108 praetorii,
685 1094 721 1109 age,
732 1094 767 1104 uon

82 1116 140 1133 reiicio
150 1116 238 1137 iudioem;
251 1116 303 1133 modo
314 1115 382 1138 negocii
394 1117 460 1133 statum
473 1121 545 1132 ornnem
558 1115 620 1132 ordine
631 1115 723 1137 perdiscas,
734 1116 767 1133 hoc

81 1145 107 1162 est
121 1144 229 1166 Apologiam
245 1146 325 1161 nostram
340 1150 376 1161 non
392 1144 468 1161 oscitans
482 1149 501 1160 ac
516 1143 618 1164 vellicatim,
634 1144 654 1161 vt
670 1145 688 1160 te
705 1144 766 1161 fecisse

100 1192 131 1209 289.
143 1196 170 1210 per
177 1192 277 1206 Serbonieum
284 1191 362 1209 quendam
369 1192 401 1205 aad.
409 1191 427 1204 ηπ.
505 1194 537 1207 295.
548 1191 605 1204 Scribit
615 1202 618 1205 .
629 1202 632 1205 .
643 1202 647 1205 .
658 1192 691 1208 298.
702 1192 766 1206 nomine

81 1212 111 1225 aaa
118 1211 132 1224 αϊ
140 1213 178 1228 (295.
189 1211 253 1228 Scripsit
259 1212 276 1224 D.
320 1211 352 1228 296.
363 1214 397 1224 eam
404 1211 435 1224 aaa.
442 1210 465 1223 H:
475 1214 500 1223 om⁴
508 1210 523 1225 β.
567 1214 599 1227 297.
609 1210 644 1225 12²3:
654 1210 670 1224 si
678 1210 734 1224 leuitas
741 1212 766 1228 N).

82 1234 112 1248 299.
124 1230 163 1244 mihi
171 1230 243 1245 ussaw:
254 1231 302 1243 mr.
341 1230 371 1243 mei
379 1239 383 1242 .
391 1239 394 1243 .
403 1239 406 1243 .
414 1229 518 1246 laudibusque
524 1228 546 1242 fi.
559 1228 657 1243 audibunt
701 1234 733 1247 312.
744 1230 766 1243 mi

82 1249 133 1263 nudes
140 1251 172 1263 aas.
179 1248 197 1262 ιιι.
236 1253 268 1266 3¹3-
280 1249 341 1262 etiamsi
348 1254 364 1263 a:
375 1248 423 1261 etiam
431 1249 446 1263 Β.
485 1252 517 1265 3¹5-
528 1249 546 1261 vt
553 1249 568 1262 te
575 1248 614 1262 aaz:
625 1249 642 1262 vt
649 1252 677 1265 pro
684 1249 700 1262 te
707 1248 743 1263 11¹5.

99 1293 130 1307 28⁸.
142 1292 199 1310 uteris]
209 1292 240 1306 Not
246 1292 305 1306 extant.
453 1295 486 1308 290.
497 1291 574 1309 mirem]
582 1291 609 1309 Ep.
617 1292 649 1309 559·

781 165 807 178 280

780 447 806 461 290

779 729 805 741 300

777 869 803 883 ³05

775 1152 801 1166 5¹5
