825 1433
98 69 132 85 450
294 67 400 84 LETTERS
416 67 446 84 OF
462 66 576 84 ERASMUS
722 63 777 86 [¹513

72 114 89 131 ⁶⁵
97 112 172 129 habebat
184 112 263 128 animum
276 117 349 132 meum;
362 117 414 133 quem
428 111 487 133 ipsum
504 110 562 133 qualis
575 109 631 131 qualis
645 109 672 125 est
684 109 702 125 te
717 109 777 125 autore

97 140 160 157 lubens
168 145 246 161 posuero,
256 139 270 156 si
279 141 298 156 tu
307 140 332 156 ita
340 140 385 157 ser-io
393 139 476 156 censebis.

120 168 180 190 Neque
186 173 227 184 vero
233 167 262 184 hic
268 168 327 189 agitur
333 173 386 189 quam
392 173 422 189 ego
429 167 463 184 sim
471 168 549 184 iocorum
556 172 575 183 ac
582 165 684 182 facetiarum
692 164 775 186 prudensy

97 196 127 212 sed
142 195 183 217 quid
198 195 266 212 sensuri
279 195 301 212 de
314 196 365 213 nobis
379 195 415 212 sint
430 195 460 217 qui
475 201 507 212 nos
521 201 530 211 e
545 194 595 211 libris
611 192 675 210 aeditis
691 192 777 209 duntaxat

97 224 197 240 aestimant.
221 223 308 240 Nouemm
316 229 354 241 esse
362 229 417 245 genus
426 223 494 240 iocandi
504 222 598 242 Gallicum,
606 222 685 242 impense
694 220 776 238 liberum.

73 257 90 271 70
98 252 174 272 gestiens
182 257 202 267 ac
214 251 265 272 paulo
276 251 364 271 licentius,
373 251 419 274 quod
430 251 497 268 tetricis
507 250 584 272 ingeniis
592 249 648 266 videri
659 249 719 270 posset
729 250 777 270 petu-

97 279 162 296 lantiae
180 279 285 300 proxi-mum.
318 280 363 296 Mihi
382 279 454 296 videbar
472 279 545 300 propius
561 277 709 294 animaduertisse
725 277 776 293 tuum

97 308 188 329 ingenium
200 307 232 324 hoc
244 313 306 329 genere
318 308 368 325 lusus
380 307 477 329 impensius
487 306 575 327 delectari,
584 305 689 328 praesertim
697 304 712 321 si
723 310 775 326 quem

97 335 201 352 familiarius
212 340 285 356 amares,
298 341 332 357 quo
345 336 362 352 te
373 336 404 352 tuo
416 335 501 351 arbitratu
514 340 575 356 posses
587 334 683 350 oblectare:
696 332 727 354 qui
740 332 776 349 fere

97 369 136 380 mos
146 364 177 379 τῶν
185 363 289 385 εὐτυχούντων
297 364 366 384 τουτωνὶ,
372 363 390 380 in
400 363 466 379 deliciis
475 362 539 379 habere
547 362 643 384 quenpiam
652 360 685 377 imi
696 360 775 377 subsellii

73 396 88 410 75
97 390 193 408 amiculum
203 396 222 407 ae
233 391 293 408 vernis
305 392 410 412 proximum,
420 391 439 407 in
448 396 501 412 quem
511 390 567 406 animi
578 395 628 406 causa
637 388 728 410 quodlibet
735 389 775 405 tum

97 419 156 435 dicant
168 419 207 435 tum
220 419 289 435 faciant.
315 419 352 435 Nec
363 419 417 435 istam
431 418 541 439 voluptatem
553 417 587 434 tibi
601 416 705 436 inuiderem,
718 416 734 433 si
747 422 776 433 res

97 446 186 466 gereretur
197 447 268 462 tantum
280 446 302 463 iis
315 446 386 463 arbitris
397 446 427 467 qui
437 446 517 462 nostrum
529 446 618 466 vtrunque
626 445 735 465 pernossent,
745 445 776 460 aut

97 473 147 490 lusus
155 474 223 490 nostros
232 474 268 490 tam
277 474 350 491 candide
358 474 395 491 sint
406 473 540 494 interpretaturi
552 478 604 494 quam
617 477 649 493 ego
662 472 773 492 interpretor.

98 501 149 518 Nune
160 501 210 518 vides
219 507 229 517 a
240 501 327 523 plerisque
337 502 385 518 trahi
397 501 418 517 ad
429 501 541 517 calumnianr
548 506 568 517 ea
579 505 647 522 quoque
656 505 701 521 quae
709 499 775 521 simpli-

72 534 89 544 κο
97 529 167 546 cissime
179 529 273 545 dicuntur:
290 530 342 550 atque
357 529 457 546 huiusmodi
474 528 588 550 sycophantis
602 527 712 549 temporibus
725 527 775 544 hisce

96 557 149 578 plena
161 558 202 573 sunt
214 557 278 573 omnia.
305 557 351 577 Quid
364 557 396 574 hos
409 556 487 573 dicturos
501 562 566 577 censes,
581 556 597 573 si
612 556 658 573 iocos
672 556 712 572 tuos
724 555 774 572 seriis

96 584 180 601 conuiciis
192 584 291 601 simillimos
302 584 366 606 legant,
375 590 418 606 quos
430 590 462 606 ego
472 590 516 605 pene
527 584 575 601 solus
587 583 668 601 omnium
680 584 727 600 iocos
737 589 774 600 esse

96 612 123 629 vel
132 612 189 629 sentio
197 612 224 628 vel
233 612 352 634 interpretor?

118 640 158 656 Iam
170 640 190 656 vt
200 645 235 656 non
246 640 336 656 illibenter
345 641 401 657 fateor
410 646 438 656 me
450 646 485 656 non
495 640 556 656 minus
566 640 622 657 literis
633 645 687 661 quam
698 639 774 656 fortunis

71 667 196 687 85infe1⁷iorem
208 667 283 688 Budaeo,
297 668 326 688 ita,
340 668 386 689 quod
399 667 434 684 scio
447 668 464 684 te
478 673 514 684 non
530 668 598 684 inficias
612 668 684 688 iturum,
699 667 774 684 eruditio

96 697 131 716 tuay
145 701 180 712 nou
193 701 239 716 opesy
251 695 306 716 Musay
319 701 355 712 non
367 696 480 716 Rhamnusia
495 697 513 712 te
525 696 570 712 mihi
582 695 687 716 conciliauit,
697 695 734 712 imo
746 701 774 711 me

96 723 129 739 tibi
137 723 222 740 deuiuxit.
246 723 355 739 Felicitatem
363 723 414 740 istam
424 723 456 739 tibi
465 723 547 744 gratulor,
557 723 587 740 sed
598 724 660 745 pectus
670 728 710 740 amo
718 723 774 745 suspi-

97 751 162 772 cioque.
188 751 291 771 Quanquam
305 752 364 767 autem
377 750 422 767 nihil
435 751 537 767 addubitem
552 751 596 772 quin
610 751 690 767 fortunas
705 757 774 772 quoque

96 780 136 795 tuas
148 783 183 795 non
195 778 226 794 vni
238 778 271 794 tibi
283 778 312 794 sed
324 778 386 795 amicis
398 778 451 795 etiam
463 778 557 799 possideas,
567 780 626 795 tamen
639 784 648 795 e
660 778 727 795 chartis
739 778 775 795 tuis

71 812 89 826 90
96 806 162 827 gaudeo
176 806 262 826 ditescere,
278 806 342 827 quibus
355 806 400 822 nihil
413 806 498 822 diminuit
512 807 542 823 tua
557 806 575 823 in
590 812 653 823 ornnes
666 806 773 828 benignitas.

96 834 110 850 E
123 833 192 850 seriniis
208 834 312 850 nummariis
327 834 372 850 nihil
390 833 445 850 adhuc
460 840 492 850 nec
508 834 563 850 ambii
581 840 612 851 nec
628 834 712 856 decerpsi.
738 834 774 851 Nec

96 862 153 878 tenuis
165 861 224 878 haberi
236 861 287 878 debet
299 862 330 883 qui
342 867 374 878 sua
386 862 431 879 sorte
444 863 539 878 contentus
551 863 581 879 est.
607 863 631 879 Et
643 862 690 879 haud
702 862 739 879 scio
751 868 774 879 an

96 890 173 906 eruditos
181 889 227 905 aliud
234 889 304 905 iocandi
311 895 366 911 genus
373 890 435 910 deceat,
441 890 545 911 praesertim
552 890 630 907 amicitia
636 890 774 907 confoederatos.

96 917 166 934 locatur
174 917 192 933 in
202 917 303 933 Trebatium
313 923 366 934 suum
375 918 399 934 M.
408 917 483 938 Tullius,
493 917 567 934 colludit
576 923 617 934 cum
625 923 658 934 suo
666 918 775 939 Symmacho

70 952 87 965 95
95 945 190 965 Ausonius,
205 945 272 961 iocatur
288 945 307 961 in
321 951 377 962 vnum
392 946 444 966 atque
457 945 532 962 alterum
546 951 617 962 suorum
633 945 710 963 Plinius.
735 946 775 963 Hoc

95 972 163 989 iocandi
177 978 231 994 genus
246 973 292 989 haud
308 973 343 990 scio
356 979 378 990 an
389 978 463 995 vsquam
476 973 494 990 in
507 973 616 990 eruditorum
629 973 680 990 libris
693 974 773 995 reperies.

95 1001 119 1018 Et
134 1001 202 1022 aspergi
218 1000 275 1017 solent
291 1001 395 1018 huiusmodi
410 1001 482 1023 lepores,
500 1007 531 1018 ceu
549 1002 662 1019 condimenta
680 1002 773 1019 sermonis

96 1029 198 1046 Cuiusmodi
206 1034 247 1045 vero
255 1029 326 1050 speciesy
335 1035 376 1046 cum
386 1030 434 1046 totus
443 1035 500 1046 sermo
508 1035 518 1046 a
527 1030 588 1051 capite,
597 1030 644 1052 quod
652 1030 709 1051 aiunt,
719 1036 774 1052 vsque

95 1057 115 1073 ad
133 1057 197 1074 calcem
213 1058 281 1078 praeter
297 1058 398 1077 scommata.
413 1058 495 1079 strophas
511 1059 528 1074 et
543 1058 622 1080 obl-{quas
638 1059 713 1076 ὑπονοίας
729 1058 774 1075 nihil

62 1091 87 1100 ron
94 1085 147 1101 habet
152 1086 162 1101 ¹?

117 1113 183 1129 Verum
190 1112 232 1129 haec
240 1114 330 1134 vtcunque
338 1113 432 1133 habebant,
442 1114 488 1129 certe
496 1114 589 1135 oportebat
595 1114 665 1131 iocandi
671 1114 720 1131 vices
725 1114 773 1131 iuter

95 1141 159 1157 amicos
172 1146 208 1157 esse
225 1141 300 1157 mutuas.
331 1141 404 1163 Alioqui
419 1147 455 1158 non
471 1141 561 1158 videbitur
577 1142 644 1159 amicus
660 1148 701 1159 cum
718 1143 775 1160 amico

95 1169 159 1189 ludere,
170 1168 199 1185 sed
211 1174 241 1185 rex
252 1169 271 1185 in
281 1169 378 1190 parasitum
389 1169 461 1191 ciboque
471 1171 551 1191 emptum
563 1170 701 1188 homuncionem
711 1171 774 1193 debac-

94 1197 147 1214 chari.
175 1196 226 1213 Nune
242 1197 258 1213 si
273 1197 315 1218 quid
332 1203 342 1214 a
358 1203 386 1214 me
403 1197 477 1214 liberius
493 1199 524 1215 aut
539 1198 640 1221 simplicius
656 1199 725 1216 dictum
741 1200 773 1219 est.

60 1232 85 1246 105
94 1224 219 1242 contumeliam
228 1226 305 1242 atrocem
316 1225 368 1246 facis;
380 1226 395 1242 si
406 1225 447 1247 quid
460 1226 508 1243 lenio
518 1232 541 1243 ne
550 1227 633 1248 offendat,
643 1227 690 1249 quod
699 1227 774 1244 liberius

111 1268 206 1300 sshpzsuer?
211 1268 225 1299 ξ
231 1268 289 1284 conia:
299 1268 374 1285 posuerim
382 1269 399 1282 E.
428 1272 450 1285 75.
461 1268 536 1286 quidlibet
543 1270 558 1283 Ρ.
583 1269 606 1284 ao.
617 1270 747 1287 sycophantarum
754 1271 773 1284 Η.

94 1291 124 1300 ιοι.
147 1291 156 1300 a
167 1290 195 1299 ean
209 1292 214 1299 r
223 1296 226 1299 .
268 1295 271 1298 Α
