825 1433
68 52 110 76 91⁶]
245 54 275 71 To
292 54 376 72 ERARD
394 55 425 71 DE
442 54 474 72 LA
491 54 577 72 MARCK
718 53 752 70 485

67 96 151 118 scrupulo
162 97 239 118 sublato,
248 98 292 119 quid
306 99 333 114 est
344 104 375 114 cur
386 99 432 115 fame
444 99 530 116 moriatur
540 97 667 116 Christianus?
691 97 752 118 Neque

68 125 117 142 enini
127 124 194 141 similia
203 126 245 142 sunt
257 131 302 147 quae
310 126 380 143 confert
391 126 409 143 in
421 127 466 143 libro
475 126 501 143 De
513 127 560 143 bono
572 125 654 147 coniugii,
664 124 753 146 suscipere

69 152 134 169 liberos
140 153 161 178 vet
170 153 216 169 mori
224 153 276 170 fame.
303 153 364 176 Neque
375 154 443 171 Pau-lus
453 154 499 171 hanc
508 154 594 172 admiscet
602 152 751 172 circunstantiam,

67 181 112 203 quin
124 181 185 202 potius
197 181 286 198 abstinere
299 188 330 204 pro
343 183 423 204 tempore
437 183 491 202 iubet,
500 189 541 199 cum
553 183 628 199 vndeuis
639 181 705 203 alioqui
714 186 753 202 sup·

68 210 121 231 petat,
130 215 166 231 quo
174 211 256 227 ventrem
265 211 315 227 sedes
324 210 424 227 latrantem.
448 211 467 227 Si
476 211 521 228 mihi
531 211 631 228 conceditur
639 210 705 227 furtiuo
714 209 752 226 cibo

68 238 124 254 vitam
136 243 234 260 prorogare,
245 244 276 255 cur
288 239 310 255 ob
321 238 399 255 alienam
410 239 528 261 suspicionem
538 239 583 255 mori
595 238 669 255 iubeor?
692 238 752 259 Atque

68 266 110 282 haec
121 265 194 287 quidem
204 267 244 283 tum
255 268 306 283 erant
318 267 467 284 constitutionum
477 267 635 284 ecclesiasticarum
646 266 751 286 rudimenta,

68 299 109 311 cum
118 294 199 311 nondum
208 295 228 311 de
237 294 354 316 dignitatibus
364 300 383 312 ac
394 295 493 316 prebendis,
504 295 584 312 nondum
595 294 616 311 de
624 294 678 316 pallio
689 295 707 311 et
719 299 752 311 vsu

68 322 122 344 pallii,
135 322 216 339 nondum
229 322 251 339 de
263 323 336 340 decimis
345 323 463 345 praedialibus
474 329 494 340 ac
506 323 632 345 personalibus,
642 322 723 339 noudum
732 322 752 339 de

68 350 184 372 represalibus
192 351 271 372 quaestio
280 352 384 368 reiteretur.

91 379 119 395 Ad
133 378 175 395 haec
188 378 268 400 aperitur
279 379 363 396 nonnihil
376 379 397 396 de
411 385 464 396 ceusu
475 379 574 401 salarioque
585 378 702 399 sacerdotum,
711 383 751 395 cum

69 407 127 429 palam
140 406 217 424 inculcet
231 412 308 429 aequum
323 413 361 424 esse
374 409 393 424 vt
406 409 435 430 qui
448 408 530 425 seruiunt
541 407 643 428 EuangeliO,
654 406 716 423 viuant
731 411 752 422 ex

70 435 180 456 Euangelio:
197 435 227 451 sed
240 435 309 456 viuant,
324 440 361 452 non
374 436 465 456 ditescant,
482 441 518 452 non
532 436 611 456 satrapas
624 435 681 455 agant,
695 438 753 454 neque

67 463 130 479 viuant
138 463 205 483 tamen,
214 462 250 479 nisi
262 462 341 480 seruiant
354 465 372 480 et
383 463 471 480 assideant
483 463 539 480 altari.
565 463 671 484 Quanquam
679 461 716 483 ipse
725 461 752 478 ius

68 491 101 508 hoc
109 490 149 508 aliis
157 490 260 511 defendens,
270 491 304 508 sibi
313 497 349 508 non
358 492 437 513 vsurpat,
446 491 517 508 etiamsi
526 491 566 512 plus
574 490 658 507 omnibus
666 489 686 506 in
694 489 752 506 Euan-

68 519 109 541 gelii
126 519 198 540 negocio
212 519 301 536 laborans.
332 519 384 536 Hanc
396 519 485 541 egregiam
498 525 517 536 ac
532 525 572 536 vere
584 523 687 540 generosam
700 517 752 534 Pauli

68 548 147 564 mentem
162 548 188 564 tot
202 546 238 563 iam
250 547 325 563 saeculis
340 553 376 564 non
391 547 442 564 video
456 547 486 569 qui
499 547 570 564 studeat
582 546 672 563 aemulari.
701 544 752 562 Nihil

68 575 123 597 gratis
135 574 207 596 geritur,
217 575 255 591 imo
265 575 343 597 exigitur
352 575 457 596 praemium,
467 581 499 592 nec
510 576 608 597 praestatur
619 574 701 594 officium,
711 578 752 589 cum

68 603 149 625 Apostoli
158 603 204 620 vltro
210 603 273 620 delatis
279 603 316 620 sint
321 603 353 623 vsi,
361 603 429 620 Paulus
437 609 459 620 ne
468 603 531 620 delatis
540 603 617 625 quidem.
638 601 752 623 Colliguntur

68 633 86 648 et
95 631 183 653 pecuniae,
192 631 222 648 sed
232 637 276 653 quae
287 633 351 653 sponte
361 632 498 649 conferebantur
510 632 531 648 ab
544 631 566 648 iis
578 631 643 653 quibus
655 630 750 651 supererat,

68 665 104 676 non
112 660 252 681 extorquentur5
265 660 283 676 et
291 659 401 682 colliguntur
412 660 430 677 in
443 666 486 677 vsus
496 660 598 677 sanctorum
609 659 705 681 egentium,
715 663 751 674 non

68 688 87 704 in
103 688 166 705 luxum
182 687 281 705 ditiorum:
299 689 317 704 et
332 688 358 705 ita
374 688 484 710 colliguntur
499 689 519 705 vt
534 688 577 704 hinc
594 693 625 704 nec
640 687 661 703 ad
674 686 752 703 Paulum

69 722 100 733 nec
112 716 134 733 ad
142 716 209 736 Titum,
218 722 248 738 per
259 722 303 738 quos
314 716 399 738 agebatur
411 717 511 739 negocium,
520 716 615 738 quicquam
625 715 698 732 omnino
706 720 752 731 com-

68 745 127 767 pendii
138 744 207 761 rediret.
238 744 289 761 Vnde
302 746 341 767 post
354 746 417 762 natum
429 746 507 767 apparet,
521 746 541 762 vt
554 744 641 761 Ecclesiae
653 743 751 760 multorum

68 778 108 794 opes
117 772 272 789 committerentur
280 772 299 789 in
310 773 406 790 viduarum
416 778 435 790 ac
444 778 508 790 senum
518 772 630 794 aliorumque
639 771 753 788 necessitates

68 800 170 822 erogandae,
179 806 222 822 quas
230 802 293 822 postea
303 801 414 823 quorundam
425 801 531 823 improbitas
542 800 562 817 in
570 805 621 817 suam
630 800 684 816 vertit
692 801 752 822 tyran-

69 828 134 846 nidem.
157 828 255 846 Mittuntur
261 829 309 846 vltro
316 829 394 851 citroque
401 829 460 851 legati,
467 829 531 851 quibus
538 830 556 846 et
562 834 605 846 suus
612 828 687 846 habetur
695 828 752 845 honos

67 859 106 874 tum
118 857 136 874 in
150 857 253 879 excipiendo
265 858 305 874 tum
316 857 336 874 in
349 858 462 875 deducendo:
480 857 510 875 sed
524 857 587 879 opinor
601 862 685 879 pompam
698 856 751 873 fuisse

67 886 180 907 frugaliorem
189 891 242 908 quam
250 886 303 903 hodie
312 886 399 903 videmus.
424 886 451 903 De
459 886 549 903 mandatis
558 886 606 903 enim
617 885 663 902 nihil
674 885 751 907 disputo.

67 914 198 932 Gratulandum
210 914 267 931 auctis
280 914 368 931 Ecclesiae
383 914 440 935 rebus,
454 915 469 932 si
483 920 524 931 cum
537 915 629 936 splendore
642 914 752 935 strepituque

67 942 171 960 tantundem
182 943 237 959 creuit
248 942 315 964 religio.
340 942 403 964 Neque
415 944 475 960 tamen
488 943 506 959 id
519 942 605 965 temporis
617 942 709 964 Apostolis
721 947 753 959 sua

67 971 124 988 defuit
141 971 219 993 dignitas
233 976 252 988 ac
267 971 355 992 maiestas,
371 977 407 988 uon
422 971 494 988 defuere
507 971 590 993 presidia.
615 971 670 987 Iactat
685 970 753 987 Paulus

64 1005 115 1016 arma
126 1005 158 1017 sua
171 1005 206 1016 non
219 999 300 1019 earnalia,
315 999 344 1016 sed
358 999 466 1021 spiritualia:
479 999 563 1021 potentia,
573 1005 609 1016 non
621 998 694 1016 armatis
706 999 752 1016 fen-o

66 1027 125 1050 copiis,
135 1027 166 1044 sed
174 1027 250 1049 presidio
259 1027 303 1044 Dei.-
315 1033 352 1044 non
359 1028 380 1044 ad
390 1027 510 1044 demoliendas
518 1027 575 1048 vrbes,
583 1032 618 1044 non
627 1027 649 1043 ad
658 1027 752 1048 depredan>

67 1056 110 1073 dum
119 1056 205 1078 populum
215 1057 247 1072 aut
259 1055 374 1073 trucidandos
382 1055 469 1076 homines,
479 1055 509 1072 sed
519 1055 540 1072 ad
553 1055 670 1072 deiiciendam
681 1061 752 1073 omnem

64 1085 191 1106 cogitationem
201 1084 298 1105 erigentem
307 1089 346 1100 sese
354 1084 438 1100 aduersus
450 1084 545 1100 consilium
556 1084 594 1100 Dei.
619 1084 646 1100 Ea
654 1084 753 1100 cuiusmodi

65 1112 108 1133 sint,
118 1112 183 1129 clarius
191 1111 245 1129 etiam
254 1111 331 1134 explicat
340 1112 448 1129 Ambrosius
456 1112 475 1128 in
482 1111 527 1128 libro
534 1111 560 1128 De
569 1112 628 1129 viduis
635 1118 640 1129 ι
653 1112 658 1120 ⁴
664 1112 743 1129 Ecclesia
750 1113 754 1119 ³

66 1140 148 1163 inquiens
156 1141 200 1158 ‘non
205 1140 260 1158 armis
266 1140 375 1157 secularibus
381 1140 437 1157 vincit
442 1140 552 1157 aduersa-ias
557 1141 656 1162 potestates,
662 1141 692 1158 sed
699 1141 753 1158 armis

66 1169 188 1190 spiritualibus
197 1174 242 1191 quae
250 1169 294 1185 sunt
305 1169 358 1185 fortia
367 1168 415 1185 Deo.’
439 1169 466 1185 Ac
479 1168 532 1190 paulo
542 1169 593 1190 post:
608 1169 673 1186 ‘Arma
682 1169 686 1175 ³
694 1169 753 1191 inquit

85 1211 118 1232 151,¹¹>
127 1211 196 1244 ⁸2d⁸{.¹²²
205 1210 259 1224 sedare
266 1210 315 1227 possis
322 1215 335 1227 η.
408 1210 437 1227 169-
448 1209 535 1227 reprosaljjs
542 1210 554 1224 ε.
622 1215 652 1228 171.
664 1210 732 1224 inculcat
739 1216 751 1227 η4

67 1233 97 1247 1:9—
108 1234 127 1243 us
134 1235 152 1243 a:
173 1234 186 1243 ,ε
194 1234 205 1243 ι.

141 1269 172 1282 1⁶1.
183 1268 205 1282 De
211 1268 252 1282 bono
259 1267 335 1285 coniugii]
342 1267 370 1281 ch.
379 1268 400 1281 ιε.
499 1268 531 1284 19⁶.
541 1267 564 1281 De
570 1267 629 1286 viduis]
637 1268 650 1281 a.
657 1272 680 1285 49.

255 1287 285 1304 ιω.
296 1286 388 1304 latrantem]
396 1285 417 1299 Cf.
426 1285 464 1300 Hor.
471 1286 486 1300 s.
494 1290 507 1299 2.
517 1291 529 1300 Ε,
538 1287 560 1300 18.

763 98 788 112 16⁰

763 238 787 256 1⁶5

762 383 787 397 ¹70

762 522 786 537 ῐ75

762 660 787 673 180

763 946 788 960 ¹90

762 1087 788 1100 ¹95
