825 1433
62 67 98 84 570
261 65 368 82 LETTERS
386 64 416 81 OF
432 64 546 82 ERASMUS
692 62 746 86 [1519

37 117 54 131 ,35
62 112 125 133 probat
132 111 197 132 vulgus
205 110 288 132 quicquid
299 108 443 131 frequentissime
453 108 538 130 sequitur.
565 108 620 125 Nemo
629 113 665 125 non
674 108 747 124 damnat

61 139 173 156 inhonestam
182 139 298 159 voluptatem,
306 143 359 154 nemo
371 137 431 154 laudat
443 136 572 154 temulentiam.
599 136 634 153 Nus
647 136 669 152 de
681 135 747 152 iudicio

61 167 157 189 loquimur,
167 172 202 183 non
211 167 232 183 tle
241 165 368 187 cupiditatibus
377 171 396 182 ac
405 165 472 182 morbis
480 164 586 181 animorum.

85 195 119 212 Sed
131 200 154 211 ne
164 194 228 216 prolixi
240 194 301 214 simus,
311 193 369 215 primo
377 193 415 210 loco
428 193 453 210 sic
464 192 584 210 ratiocinaris:
599 192 627 209 ‘Si
639 192 716 213 corporis
727 197 747 208 ac

61 223 142 240 fortunae
153 222 245 239 commoda
255 222 301 238 bona
312 222 360 243 sunt,
370 227 404 243 quo
412 221 500 243 copiosius
511 226 532 237 ea
543 220 656 242 contingunt,
666 220 699 236 hoc
710 220 747 237 feli-

36 257 55 271 40
62 251 127 268 ciorem
136 251 212 267 reddant
221 256 291 267 necesse
300 250 338 266 est.’
362 249 444 266 Primum
454 249 559 266 meminisse
568 249 619 266 debet
627 249 648 265 R.
655 248 675 265 T.
682 248 703 265 D.
714 248 747 265 hoc

61 285 117 301 genus
129 278 220 299 bonorum,
233 278 350 299 quantumuis
362 278 466 299 accumules,
479 283 516 294 non
528 277 597 294 adseri-e
609 276 744 297 beatitudinem

61 307 91 324 sed
99 306 198 324 accessione
205 307 334 323 beatitudiuem
341 312 394 328 quam
401 306 438 322 sola
444 306 503 322 virtus
510 306 588 327 praestat
596 305 691 325 absoluere,
699 305 746 321 certe

62 335 108 356 quod
119 335 141 352 ad
149 340 202 351 vsum
210 334 284 352 virtutis
295 334 365 351 attinet.
390 334 458 351 Deinde
467 339 569 356 quanquam
578 333 614 350 ista
622 333 717 350 conferunt
725 332 747 349 ad

61 363 172 383 felicitatem,
179 368 214 380 non
223 362 308 379 continuo
316 363 397 384 sequitur
404 362 454 379 iuxta
462 362 536 378 modum
545 362 609 378 horum
618 362 635 378 et
643 361 746 378 felicitatem

36 396 54 410 45
61 396 163 408 accrescere.
189 391 243 408 Cibus
254 396 273 407 ac
286 392 338 412 potus
349 390 431 407 conducit
441 390 463 407 ad
474 390 553 407 hominis
562 389 617 406 vitam
628 389 719 410 tuendam,
729 389 746 406 at

62 425 99 436 non
111 419 195 436 continuo
205 418 283 435 maxime
291 418 338 436 Viuit
346 419 376 439 qui
388 418 466 440 plurimo
474 418 531 434 vtitur
542 418 585 434 cibo.
611 417 683 434 Praeter
691 422 746 434 vnam

62 446 169 468 sapientiam
185 446 230 463 nihil
244 447 270 463 est
283 446 302 462 in
316 446 368 462 rebus
380 446 464 463 humanis
476 446 513 462 tam
526 445 645 464 commodum,
659 445 703 466 quin
716 445 747 462 fiat

62 474 195 491 incommodum
204 475 218 491 si
228 474 251 491 sit
260 474 381 491 immodicum.
408 474 471 490 Forma
479 473 571 490 moderata
580 474 647 490 multos
659 478 747 490 commen-

62 502 116 523 dauit,
128 502 191 519 multis
201 502 255 519 exitio
266 502 301 519 fuit
313 502 413 519 immodica.
438 501 556 523 Pythagorae,
568 501 646 523 Scipioni
657 501 746 520 Africano.

38 536 55 550 ⁵⁰
63 530 139 547 Traiano
149 530 217 546 Caesari
231 535 267 546 non
280 535 343 552 parum
355 529 458 546 autoritatis
470 529 571 546 conciliauit
583 529 650 546 formae
663 529 746 551 dignitas.

63 558 102 575 Iam
115 563 155 575 vero
168 558 201 574 tibi
214 557 285 574 videtur
299 557 353 574 etiam
368 558 438 578 impius,
452 557 480 574 cui
493 557 574 574 Socrates
586 557 614 574 vel
628 557 664 579 pilo
678 557 747 574 felicior

63 586 148 606 videatur,
155 586 171 602 si
177 586 217 607 quis
225 586 269 602 deus
275 585 325 602 illius
333 585 393 602 animo
399 585 481 605 formam,
492 590 533 606 opes
542 591 561 602 ac
571 591 625 606 genus
631 585 748 602 adiunxisset.

63 613 87 629 Vt
102 613 149 630 nihil
165 613 217 634 aliud,
231 615 278 630 certe
294 613 376 635 pluribus
393 613 483 635 profuerit.
509 614 535 630 At
547 613 621 630 virtutis
633 613 675 630 finis
688 614 715 630 est
727 613 747 630 in

63 647 114 658 veum
131 641 229 658 multorum
246 641 332 658 diffundi:
349 647 397 658 nunc
413 641 462 658 illius
476 641 535 658 virtus
550 641 662 663 paucissimis
678 641 746 658 ciuium

37 675 54 689 55
63 668 109 686 bono
122 669 162 690 fuit,
174 670 208 691 ipsi
220 670 274 686 etiam
286 669 388 686 exitiabilis.
413 670 468 686 Porro
477 671 520 691 quot
532 670 635 691 parasangis
647 670 747 692 praecurrat

63 697 92 714 his
104 697 156 714 bonis
168 698 269 718 instructus,
279 703 316 715 non
327 699 354 714 est
365 703 425 714 meum
437 698 507 717 metiri;
520 698 567 714 mihi
578 698 620 715 satis
632 699 660 715 est
670 698 747 719 aliquam

62 725 153 742 felicitatis
169 725 286 742 accessionem
302 726 381 747 adiungi.
407 725 475 742 Rursus
491 726 588 747 expendere
604 726 689 743 conuenit
704 726 747 743 haec

63 753 113 773 bona,
124 759 161 770 non
174 759 271 774 numerare,
281 754 327 775 quod
340 755 360 770 tu
372 754 420 774 facis,
431 754 460 775 qui
471 754 557 770 virtutem
569 754 618 770 hisce
630 754 683 770 rebus
696 754 747 771 desti-

63 782 120 797 tutam
133 781 163 797 vix
175 787 231 798 vnum
243 781 286 798 focis
297 781 372 803 gradum
384 781 406 798 ad
418 781 526 799 felicitatem.
553 781 593 799 Vna
605 782 662 799 virtus
675 783 747 799 tantum

37 811 55 824 6ο
63 808 116 825 habet
128 810 215 826 momenti
227 810 247 825 vt
259 810 296 826 sola
309 810 389 826 conficiat
402 809 504 827 felicitatem
511 816 516 830 ;
531 810 616 831 tantoque
628 810 747 832 praestantior

63 837 89 853 est
102 837 174 853 caeteris
185 837 272 854 bonorum
286 837 385 859 generibus,
398 838 418 854 vt
431 843 463 854 nec
476 837 495 854 in
508 838 646 859 appellationem
659 838 747 855 bonorum

63 865 172 886 recipiantur
182 865 216 886 illa,
228 865 263 882 nisi
275 866 363 887 quatenus
373 866 436 882 virtuti
448 866 563 883 famulantur.
589 866 617 883 Ex
627 866 692 888 quibus
704 867 749 883 satis

63 892 119 914 liquet
128 893 161 909 hoc
169 893 207 910 loco
215 899 250 910 non
259 894 303 911 satis
311 893 330 910 in
339 895 417 915 tempore
425 894 515 911 Neronem
523 894 679 911 sceleratissimum
689 895 748 916 tyran-

62 926 107 937 num
121 926 162 938 cum
175 921 256 943 Epicteto
269 922 374 943 philosopho
387 922 501 944 integerrimo
514 923 617 944 comparari.
643 923 668 939 Vt
681 923 748 940 Neroni

37 952 55 970 65
63 954 99 965 non
114 949 181 971 profuit
195 950 291 971 imperium
307 951 339 967 aut
353 956 399 972 opes,
415 956 449 972 quo
464 950 526 967 minus
541 951 587 968 esset
602 951 676 972 infelix5
694 951 719 968 ita
732 951 748 968 si

63 975 143 997 Epicteto
158 977 225 998 optimo
239 977 277 993 viro
290 977 333 994 haec
347 977 440 994 commodo
454 977 574 998 accessissent,
588 978 650 995 fuisset
665 978 686 995 ad
701 984 748 995 exer-

62 1004 137 1021 cendam
145 1004 231 1021 virtutem
240 1010 277 1021 non
285 1005 338 1027 paulo
347 1005 455 1023 instructior.

86 1033 115 1049 Ad
127 1033 169 1049 haec
180 1033 291 1050 ratiocinaris
301 1034 349 1050 bunc
360 1034 380 1050 in
391 1034 474 1051 modum:
489 1034 516 1051 ‘Si
528 1034 574 1051 bona
585 1035 632 1056 sunt,
642 1040 674 1052 cur
684 1034 748 1052 horum

63 1060 151 1081 praesidio
165 1066 216 1078 nemo
230 1061 251 1078 fit
265 1062 352 1078 melior?'
376 1062 459 1079 Primum
476 1062 507 1083 qui
521 1068 562 1080 suas
575 1068 617 1084 opes
629 1068 639 1079 a
651 1063 748 1080 maioribus

39 1096 56 1110 70
63 1088 133 1105 relictas
141 1090 171 1104 aut
180 1089 245 1110 alioqui
254 1089 298 1106 bene
310 1091 370 1110 partas
381 1090 456 1107 effundit
465 1091 484 1107 in
492 1091 593 1107 subsidium
604 1097 707 1112 pauperum,
717 1093 748 1108 aut

64 1116 79 1132 si
88 1116 128 1137 quis
136 1122 190 1137 opum
198 1122 240 1134 vsus
250 1118 332 1138 sanctior,
342 1124 378 1135 uon
389 1118 431 1135 huic
440 1124 482 1140 opes
493 1118 602 1136 adminiculo
610 1120 653 1136 sunt
662 1121 681 1136 vt
690 1119 749 1136 indies

63 1144 121 1165 seipso
128 1144 191 1161 mel-ior
197 1145 272 1162 euadat?
284 1146 319 1163 nisi
326 1146 371 1163 forte
378 1152 414 1163 non
421 1148 505 1168 putemus
512 1147 611 1164 accessione
617 1147 749 1165 benefactorum

63 1174 81 1189 et
89 1172 161 1189 vistutis
172 1173 255 1194 gradibus
267 1174 341 1196 adiungi
354 1174 442 1191 nonnihil.
468 1175 536 1192 Deinde
548 1181 585 1192 non
596 1176 642 1198 fugit
654 1175 686 1192 hoc
698 1178 749 1193 tuam

87 1228 110 1240 ῳ,
121 1224 166 1238 debet
174 1224 190 1237 R.
198 1224 213 1238 Τ.
222 1224 239 1238 n.
247 1226 269 1238 E:
279 1226 349 1239 debesa.
407 1230 430 1244 ⁵5-
441 1226 509 1240 exitialis
515 1228 534 1241 H.
593 1232 616 1244 72.
626 1229 699 1245 putamus
706 1229 725 1241 H.

82 1272 105 1288 38-
117 1271 220 1289 ratiocinaris]
228 1272 256 1289 Ep.
263 1272 296 1289 958.
304 1272 323 1286 εδ
329 1277 360 1290 seq.
443 1274 466 1288 fia.
478 1274 582 1292 ratiocinaris]
589 1275 616 1292 Ep.
623 1276 656 1292 953.
665 1276 703 1292 433.

84 1294 106 1307 μ.
119 1290 183 1308 impius]
191 1291 218 1308 Ep.
226 1291 288 1308 958.37-
