825 1433
76 78 110 94 612
274 75 381 93 LETTERS
397 75 427 92 OF
443 75 557 92 ERASMUS
703 72 758 96 [1519

75 123 136 138 tamen
149 121 271 138 annuncietur.
302 120 352 136 Bona
367 124 408 140 pais
422 124 457 135 non
472 118 564 135 Christum
580 117 610 134 sed
626 117 715 137 homines,
728 116 758 133 sed

51 154 69 167 60
76 149 147 171 seipsos,
160 149 253 171 praedicat.
283 148 349 164 Verum
362 147 404 163 haec
416 146 507 167 deplorare
520 152 555 163 non
568 147 594 162 est
606 145 660 162 huius
672 144 759 161 instituti.

76 177 123 194 Sunt
136 177 166 198 qui
180 176 280 193 Scotisticas
295 174 403 192 subtilitates
415 174 492 191 tractent
505 174 552 196 apud
564 173 666 195 imperitam
678 172 759 189 multitu-

76 205 142 225 dinem,
156 204 228 221 delectis
241 204 295 220 etiam
309 203 327 219 in
340 202 374 219 hoc
386 201 497 223 argumentis
514 201 646 223 quammaxime
663 200 756 222 perplexis,

76 238 110 255 quo
118 233 175 254 magis
182 232 266 249 miraculo
274 231 311 248 sint
319 229 433 250 auditoribus,
444 229 459 246 si
469 229 515 246 nihil
525 229 608 246 omnium
619 234 663 251 quae
675 228 759 245 dicuntur

76 260 178 282 intelligant
186 266 190 277 z
202 260 243 282 quid
252 261 311 276 autem
319 258 415 280 frigidius?
427 258 464 274 imo
473 257 515 279 quid
524 257 623 275 inutilius?
643 257 681 274 Alii
689 257 759 278 praeter

51 294 68 311 55
76 288 180 306 scholastica
192 289 275 310 dogmata
287 287 333 304 nihil
344 286 426 303 adferunt
438 286 458 303 in
470 286 584 303 concionem:
601 291 677 307 quorum
689 285 759 306 aliquot

76 316 163 334 eiusmodi
175 317 217 333 sunt
226 317 246 333 vt
257 321 292 332 non
301 315 365 332 referat
374 320 394 331 ea
402 314 475 334 nescire,
485 314 571 335 quaedam
582 313 671 330 eiusmodi
679 314 699 329 vt
707 313 757 329 extra

77 345 145 362 scholas
155 345 228 361 tractata
238 344 318 366 frigeant.
344 343 380 359 Nec
392 342 455 359 desunt
466 342 502 363 qui,
514 348 549 364 quo
560 342 634 358 curiosis
645 341 757 358 auditoribus

76 373 142 390 faciant
148 373 196 394 satis,
202 372 279 394 vndique
285 372 383 393 congerunt
389 372 406 387 et
412 370 461 387 velut
468 376 489 386 ex
495 370 550 387 variis
556 369 657 391 rhapsodiis
663 370 758 386 centonem

77 401 189 422 concinnant,
198 406 219 417 ex
228 400 267 417 iure
277 399 331 420 ciuili,
340 404 362 415 ex
373 399 410 415 iure
419 398 516 420 pontificio,
525 404 547 418 ex
556 398 611 415 variis
619 397 727 417 doctoribus,
737 403 759 413 ne

53 436 70 450 7⁰
77 429 119 450 quid
130 434 166 445 non
176 429 239 450 legisse
250 428 349 444 videantur.
375 426 438 442 Omnis
450 426 540 442 humanus
551 426 624 442 affectus
636 425 728 446 ponendus
741 424 758 441 ei

77 456 108 478 qui
117 456 188 473 studeat
195 461 254 473 veram
263 455 348 477 pietatem
355 454 419 470 animis
428 453 532 470 mortalium
542 454 625 470 inserere.

101 484 208 501 Prudentior
219 484 278 500 autem
291 488 309 499 es
321 487 376 504 quam
387 483 407 498 vt
419 481 443 498 sis
455 481 501 497 mihi
513 481 612 498 monendus
623 481 710 498 efficacius
721 486 759 497 esse

78 512 100 529 ad
115 512 226 528 inserendam
240 511 335 528 hominum
348 509 439 526 mentibus
454 509 521 526 Christi
537 509 675 530 philosophiam,
690 509 705 525 si
718 508 758 530 quis

78 539 200 556 admirabilem
208 539 258 556 illam
266 540 284 555 et
292 538 387 555 amabilem
396 543 446 554 verae
455 537 526 558 pietatis
533 537 631 559 imaginem
640 542 693 558 quam
702 536 759 558 possit

54 576 70 590 75
78 567 228 589 expressissimam
244 567 317 588 ingerat,
334 571 387 587 quam
403 565 418 582 si
434 565 543 582 insectandis
559 565 645 581 vitiorum
660 565 724 581 formis
739 569 758 581 ac

78 595 172 617 generibus
191 600 252 612 vocem
271 595 360 616 lateraque
376 594 460 610 exerceat.
489 593 556 610 Efficax
573 593 659 614 quaedam
675 598 703 609 res
719 593 758 614 ipsa

79 623 151 640 virtutis
159 623 229 644 species,
238 628 283 644 quae
295 622 344 643 puris
355 621 411 638 oculis
421 622 491 638 ostensa
499 626 541 638 mox
551 621 598 642 rapit
609 621 627 637 in
637 626 716 637 amorem
725 621 759 638 sui„

79 651 192 667 Immensum
202 652 228 667 est
241 651 283 672 quot
295 649 352 666 modis
362 649 452 666 aberretur
461 649 482 665 ab
491 649 567 666 honesto
575 649 661 671 persequi.
687 649 760 666 Rectius

79 679 101 695 ad
112 679 221 700 propositum
232 678 322 699 exemplar
331 683 349 694 se
361 677 434 698 quisque
445 676 509 693 tacitus
521 677 591 698 exigat,
606 677 640 694 nisi
651 677 698 698 quod
706 677 760 693 fuerit

55 711 72 725 80
80 706 132 723 huius
140 707 209 727 generis
217 706 287 726 vitium,
297 707 316 722 vt
327 705 377 722 fallat
387 704 449 721 vmbra
459 704 551 726 specieque
562 705 637 726 pietatis
663 705 689 721 Ea
698 710 761 722 conue-

80 734 117 751 niet
133 740 164 751 suo
177 735 214 751 loco
229 734 335 751 nominatim
351 733 406 750 etiam
420 733 498 754 prodere,
514 739 536 749 ne
553 733 593 754 quis
609 733 692 754 deceptus
708 734 760 750 erret.

80 762 132 778 Nunc
150 763 234 784 quosdam
252 762 313 778 videas
332 767 353 777 ex
370 760 437 777 arcanis
454 760 491 776 illis
507 760 602 777 hominum
621 761 762 777 confessionibus

80 789 185 811 concionari,
199 790 222 806 sic
235 790 315 806 monstra
327 788 413 805 vitiorum
426 788 542 809 depingentes
554 789 573 805 vt
585 788 664 808 doceant,
677 789 702 805 sic
716 788 761 805 inse-

81 818 149 833 ctantes
159 818 179 834 vt
187 819 217 834 aut
225 817 307 834 inuidere
318 816 366 833 dicas
376 817 408 832 aut
418 815 507 832 delectari.
532 816 576 837 Quis
586 818 646 833 autem
657 816 726 833 fructus
738 817 761 833 sit

56 850 73 867 35
82 845 96 861 si
110 845 149 866 quis
161 846 253 862 enumeret
265 845 307 866 quot
320 844 378 861 modis
390 845 470 865 peccetur
483 843 563 864 libidine,
577 844 592 861 si
605 844 644 866 quis
656 844 763 861 vociferetur

81 872 166 890 adulteris
183 873 233 895 plena
249 878 287 890 esse
303 872 379 889 omnia?
408 872 464 893 Magis
480 872 560 889 retulerit
575 872 694 889 venerabilem
710 872 762 889 illam

81 901 166 918 castitatis
174 901 269 923 imaginem
277 900 352 922 pectoris
360 900 415 916 oculis
426 900 522 917 subiicere:
535 905 588 922 quam
599 900 629 917 vbi
642 900 762 922 conspexisset

81 929 198 951 Augustinus,
208 929 249 946 ilico
258 929 315 950 coepit
324 928 400 945 execrari
411 928 477 945 formas
488 933 550 945 omnes
561 928 666 945 inhonestae
675 928 762 945 libidinis.

82 957 148 974 Itidem
154 957 173 974 in
180 957 257 977 caeteris,
264 956 344 978 quisquis
352 956 412 973 ardere
421 956 497 978 coeperit
505 956 643 978 pulcherrimam
652 956 763 973 Christianae

56 994 74 1008 90
82 985 152 1006 pietatis
168 986 230 1006 ideam,
246 985 300 1002 simul
315 985 372 1001 odisse
388 984 450 1006 incipit
464 984 548 1006 quicquid
563 985 584 1001 ab
601 985 633 1001 hac
646 985 713 1001 viderit
729 985 764 1002 dis-

82 1019 156 1035 crepare.

105 1041 141 1057 Nec
150 1042 195 1058 mihi
202 1041 299 1063 probantur
305 1040 335 1057 isti
342 1041 378 1062 qui,
385 1046 419 1062 quo
427 1040 462 1057 sibi
471 1041 598 1058 sanctimoniae
604 1041 670 1057 famam
677 1042 765 1058 venentur

82 1069 128 1091 apud
135 1069 249 1091 plebeculam,
256 1069 339 1086 seditiose
345 1069 464 1085 vociferantur
471 1068 490 1085 in
496 1069 618 1091 episcoporum
626 1070 657 1085 aut
663 1069 765 1091 principum

83 1097 137 1113 vitia:
154 1097 184 1119 qui
198 1097 305 1114 clamoribus
316 1097 419 1113 huiusmodi
433 1096 490 1118 magis
505 1097 559 1113 etiam
573 1097 672 1117 irritantur,
684 1102 726 1113 cum
737 1097 766 1114 ad-

58 1133 75 1147 95
83 1124 181 1141 monitione
198 1125 309 1146 tempestiua,
323 1125 402 1141 modesta
414 1124 498 1145 ciuilique
510 1130 636 1146 saepenumero
648 1125 765 1146 corrigantur.

83 1152 117 1169 Est
124 1153 142 1169 et
149 1153 211 1173 pietati
219 1158 251 1169 sua
259 1152 336 1173 libertas,
345 1153 374 1169 sed
384 1158 475 1174 nunquam
484 1158 521 1169 non
528 1153 599 1170 condita
607 1153 660 1169 melle
667 1153 764 1170 charitatis.

84 1180 145 1201 Quoad
158 1181 199 1197 licet
212 1181 321 1202 parcendum
335 1182 362 1197 est
377 1181 399 1197 iis
413 1181 443 1202 qui
456 1186 527 1197 summa
543 1181 648 1203 publicaque
665 1181 767 1203 funguntur

84 1208 183 1225 autoritate.
208 1209 227 1226 Si
239 1214 266 1225 res
280 1209 339 1230 poscet
352 1208 449 1230 saeuitiam,
464 1208 520 1230 magis
535 1209 649 1226 saeuiendum
663 1209 682 1225 in
694 1215 724 1226 eos
736 1209 766 1231 qui

84 1236 194 1258 ponti-ficum,
209 1237 329 1258 episcoporum
342 1237 373 1253 aut
384 1236 485 1258 principum
498 1237 557 1254 titulis
569 1237 590 1254 ad
605 1243 646 1254 suas
660 1237 767 1259 cupiditates

50 1273 76 1283 100
84 1264 188 1286 abutuntur,
203 1270 255 1286 quam
272 1265 291 1281 in
307 1265 354 1286 ipsos
368 1270 452 1286 proceres.
484 1264 520 1282 Nec
536 1266 602 1282 temere
616 1265 732 1282 saeuiendum
747 1265 765 1282 in

330 1300 352 1317 85.
363 1300 401 1317 quot
408 1301 443 1313 EH:
454 1299 495 1317 quod
502 1301 517 1313 F.
