825 1433
89 56 129 80 770]
262 58 328 75 FROM
345 59 449 77 FRANCIS
466 60 598 77 ASULANUS
737 61 771 78 213

88 101 133 122 apud
141 101 197 118 Italos
205 102 275 118 illustre
286 102 368 123 reddidit,
378 104 396 119 et
407 105 486 120 accurate
498 110 568 126 operam
578 105 625 121 dedit
634 108 654 121 vt
662 105 771 126 optimarum

89 128 223 150 disciplinarum
231 129 308 146 cultores
319 130 431 151 diligentiam
443 131 461 148 in
473 132 614 153 recognoscenda
621 133 710 149 vetustate
718 132 772 149 admi-

88 157 168 173 rarentur
180 157 234 177 tuam⁷
248 159 266 174 et
279 157 378 174 doctissimi
392 164 453 175 omnes
465 160 594 177 authoritatem
606 160 670 177 multis
683 160 773 177 ornatissi-
781 165 798 178 15

88 184 157 206 misque
171 184 240 202 iudiciis
254 185 390 206 amplificarent.
421 186 457 203 Nee
471 192 513 203 vero
528 187 581 204 homo
598 188 739 209 sapientissimus
754 188 771 204 id

88 213 184 230 domestico
198 213 239 229 vsui
253 214 270 230 et
283 218 364 230 summae
378 213 518 236 beneuolentiae,
532 221 566 237 qua
580 221 619 232 cum
633 222 653 232 eo
667 216 773 233 coniunctus

88 246 130 261 eras,
141 241 198 261 dabat,
208 241 239 257 sed
251 240 354 261 industn'ae
366 241 430 262 studioy
443 242 500 259 literis
511 243 553 264 tuisy
563 243 628 265 quibus
641 243 723 260 omnibus
736 248 772 260 non

89 269 149 286 minus
163 269 244 291 sperabat
257 270 275 285 te
289 269 385 290 aliquando
399 269 448 286 laudi
462 270 499 286 fore
516 271 579 287 Italiae
596 277 649 293 quam
666 272 772 288 Germaniae

89 297 129 313 tuae
137 298 154 313 et
165 296 238 318 reliquis
247 297 345 318 prouinciis
353 297 461 314 Christianis
472 300 578 315 ornamento
587 300 604 315 et
613 299 709 320 splendori.
737 300 772 316 Nec
782 305 798 314 zo

89 330 130 341 sane
144 325 222 342 multum
236 325 268 342 ille
282 326 397 347 praesumpta
410 326 438 342 vel
454 332 485 348 spe
498 326 527 343 vel
542 327 626 348 opinione
643 327 726 348 deeeptus
740 329 772 344 est.

89 353 134 370 Nam
146 354 165 370 vt
176 353 296 370 immortalem
308 354 390 370 omittam
401 354 476 375 gloriam
488 360 541 376 quam
553 355 599 376 apud
612 356 681 372 exteras
693 356 773 372 nationes

89 383 192 398 consecutus
203 387 226 403 es,
236 387 289 399 nemo
300 382 347 403 apud
358 387 391 399 nos
403 382 491 404 ingenuus
503 383 521 399 et
529 382 625 399 liberaliter
634 383 719 400 educatus
727 383 773 400 viuit

89 409 116 426 cui
125 415 162 426 non
169 415 274 431 persuasum
285 410 309 426 sit
320 410 343 427 ad
354 410 426 427 laudem
434 411 515 427 veterum
524 410 617 427 literarum
627 411 744 433 mparandam
756 412 773 427 et

89 437 146 454 studia
161 437 279 458 ingenuarum
295 437 362 454 artium
379 438 477 454 reuocanda
496 443 579 459 magnam
595 438 714 455 accessionem
730 444 740 455 a
756 440 798 458 te25

88 464 151 482 factam
164 471 205 482 esse.

111 493 155 510 Cum
164 493 217 515 igitur
226 494 280 510 multi
288 493 321 510 hoc
330 493 403 510 nomine
410 494 443 510 tibi
452 493 528 510 debeant
538 495 556 511 et
566 495 603 511 toto
612 495 671 511 animo
680 500 700 511 ae
709 495 772 517 cogita-

89 521 136 538 tione
145 522 249 538 incumbant
261 522 280 538 in
292 527 331 538 eam
343 522 431 539 rationem
441 528 476 544 qua
488 522 577 539 declarent
588 528 606 539 se
617 523 715 544 praestanti
724 523 744 540 in
755 524 772 540 te

90 549 211 566 beneuolentia
219 551 237 566 et
246 549 307 566 diuino
316 550 374 567 studio
384 555 425 570 esse,
435 556 467 572 ego
475 551 544 571 praeter
552 551 629 567 caeteros
638 551 685 567 nihil
693 556 772 573 vnquam

89 577 116 594 vel
128 577 224 594 studiosius
236 577 293 594 malui
306 578 334 594 vel
347 578 438 595 ardentius
450 578 510 600 optaui
523 584 576 600 quam
588 580 608 595 vt
619 579 732 601 intellegeres
744 584 773 596 me
782 584 799 598 50

90 611 159 622 omnem
175 605 287 623 voluntatem
304 611 324 622 ac
338 606 463 628 cogitationem
480 607 589 623 conuertisse
604 607 625 623 ad
642 607 716 624 virtutis
732 608 773 624 tuae

89 634 159 650 laudem
172 634 189 650 et
204 634 332 655 sempiternam
347 634 426 651 nominis
438 634 566 651 celebritatem<
595 634 631 652 Nee
645 635 667 652 ad
682 635 700 651 id
714 635 773 657 aliqua

90 667 110 678 ex
118 663 167 683 parte
178 667 225 678 nuuc
238 662 350 679 efficiendum
361 662 434 679 aliunde
443 662 545 679 facultatem
555 662 607 679 uobis
618 664 710 685 suppetere
721 669 773 685 posse

89 690 157 711 conieci,
172 696 225 712 quam
239 690 255 707 si
269 690 314 707 sacri
329 691 348 707 hi
363 690 404 707 libri
417 691 549 708 characteribus
563 691 628 708 nostris
640 691 693 708 efficti
706 697 771 708 nomen

89 720 140 735 tuum
156 718 275 740 praeferentes
289 719 425 741 diuulgarentur
439 720 456 736 et
470 719 541 741 publice
555 719 625 741 legendi
640 720 771 737 exhiberentur.
782 726 799 739 35

89 746 144 763 Video
157 746 205 763 enim
220 752 241 763 ex
255 752 317 764 eorum
332 747 408 764 lectione
422 747 514 764 hominem
528 747 651 764 Christianum
665 753 701 765 non
715 748 772 765 solum

88 774 139 791 rectis
151 775 248 796 praeceptis
260 774 355 791 informari
366 780 421 796 posse,
432 775 550 792 verumetiam
561 774 629 792 aditum
643 776 772 797 praestructum

88 802 151 819 habere
163 809 184 820 eo
197 802 314 824 perueniendi
326 803 373 819 vnde
388 803 470 820 omnium
482 802 571 819 virtutum
584 803 636 820 decus
648 809 689 820 cum
703 803 774 820 eximiis

89 830 134 847 vitae
150 831 259 847 ornamentis
276 831 384 853 optimisque
400 831 489 847 humanae
505 830 597 848 felicitatis
615 831 717 853 insignibus
734 837 773 848 con-

88 858 153 880 iungat.
179 858 225 875 Sunt
234 860 294 876 autem
305 859 429 876 commentarii
441 864 485 880 quos
495 859 550 880 primi
561 859 590 876 illi
602 859 659 876 diu-ini
671 859 771 881 scriptores,
781 867 799 880 40

89 886 193 907 Matthaeus,
206 886 288 907 Ioannes,
302 887 364 908 Lucas,
378 887 453 908 Marcus,
466 887 487 904 de
499 887 585 908 moribus,
598 887 654 908 dictis,
667 887 723 908 iactis,
736 888 773 904 vita

89 914 160 935 Christi,
168 914 259 936 religionis
266 916 337 932 nostrae
349 915 447 933 conditoris
458 917 476 932 et
487 915 549 932 salutis
557 921 577 932 ac
588 915 676 932 libertatis
687 915 772 936 authoris,

89 943 205 960 confecerunt.
236 943 275 960 Hos
292 943 367 961 historia
385 944 501 965 consequitur
519 949 554 965 qua
572 944 672 965 explicatur
689 943 772 966 quicquid

88 976 165 993 vnquam
176 971 264 993 praeclare
274 973 346 994 gestum
357 972 384 989 est
395 971 416 989 ab
428 971 541 989 auditoribus
552 973 570 988 et
580 971 659 989 alumnis
670 971 773 993 disciplinae

88 999 166 1016 eiusdem
179 999 251 1021 Christi,
265 1001 284 1017 et
298 1000 381 1022 epistolae
395 1000 462 1017 multae
478 1006 523 1021 quas
537 1006 579 1017 cum
594 1000 624 1016 alii
641 1000 706 1022 pietate
720 1001 773 1022 atque
781 1009 799 1022 45

88 1028 198 1045 sanctissima
210 1028 296 1050 rel-igione
309 1028 389 1046 illustres
403 1029 437 1045 viri
451 1030 491 1045 tum
505 1028 559 1045 iidem
574 1028 643 1045 alumni
657 1028 679 1045 ad
694 1028 774 1046 diuersas

87 1056 167 1073 nationes
175 1056 289 1078 scripserunt,
298 1057 318 1073 vt
326 1056 394 1074 Christi
402 1062 466 1073 nomen
476 1056 516 1073 orbi
523 1057 611 1073 terrarum
621 1057 652 1073 aut
660 1057 772 1078 incognitum

87 1085 117 1100 aut
127 1084 207 1101 inuisum
218 1085 332 1105 declararent,
343 1085 489 1101 commendatum
500 1085 582 1105 facerent,
592 1086 610 1101 et
620 1085 642 1101 ad
654 1086 692 1102 eius
703 1085 771 1102 cultum

87 1112 154 1129 omneis
161 1112 264 1129 excitarent.

109 1140 171 1162 Itaque
182 1140 197 1157 si
208 1141 296 1158 librorum
309 1141 363 1158 Marci
372 1141 457 1158 Varronis
468 1141 561 1163 praecipua
569 1140 600 1158 illa
608 1141 663 1158 fuerit
671 1140 715 1162 laus,
725 1142 772 1163 quod
781 1150 798 1164 50

86 1167 169 1189 Quiriteis
183 1169 202 1185 iu
216 1174 248 1186 sua
262 1169 306 1186 vrbe
322 1169 467 1191 peregrinanteis,
482 1169 569 1186 erranteis
585 1170 670 1191 tanquam
687 1169 771 1191 hospites,

86 1196 159 1214 domum
166 1197 276 1219 deduxerint,
283 1198 303 1214 vt
311 1199 384 1219 possent
393 1197 488 1220 aliquando
497 1197 527 1219 qui
536 1198 553 1214 et
562 1197 593 1214 vbi
601 1199 660 1215 essent
668 1203 772 1219 agnoscere;

86 1225 131 1246 quod
139 1231 229 1243 sacrorum
238 1226 281 1247 iura,
292 1226 338 1247 quod
349 1226 469 1247 sacerdotum,
478 1226 525 1248 quod
534 1226 650 1243 domesticam
661 1227 679 1243 et
689 1226 772 1243 bellicam

193 1289 215 1302 51⁴
226 1286 242 1298 in
250 1289 288 1299 sua.
297 1295 300 1299 .
309 1295 312 1299 .
321 1289 344 1303 55
352 1285 449 1303 aperuerint]
456 1286 479 1300 ccv
486 1285 517 1299 cie.
526 1287 572 1300 Ama*
578 1286 614 1300 Ροει,
623 1290 636 1299 1.
644 1290 657 1303 3⁴
664 1290 679 1303 9.
