825 1433
94 52 136 77 810]
272 54 338 71 FROM
355 55 468 72 WILLIAM
485 56 602 74 BUDAEL‘S
745 57 779 73 277

93 99 180 116 actionem
190 105 286 120 causaeque
295 99 379 115 dicendae
392 99 468 116 liberum
476 101 570 117 arbitrium
579 101 669 122 denegent
695 102 751 122 Atqui
765 102 780 117 si
788 107 815 121 315

95 127 148 144 huius
163 127 188 143 rei
196 127 249 143 iudex
258 127 350 148 legitimus
360 127 438 148 fuissem,
448 129 466 144 et
474 133 484 144 a
496 134 524 145 me
534 130 554 145 tu
567 128 647 150 petiisses
656 130 676 145 vt
687 128 719 145 tihi
728 134 779 150 agere

96 155 134 177 lege
142 155 206 175 liceret,
216 156 235 171 vt
244 154 333 171 actionem
342 155 379 176 ipse
388 155 422 171 tibi
431 161 495 177 negare
503 156 542 173 iure
554 163 591 173 non
602 157 704 178 potuissem,
713 156 738 173 ita
746 156 779 173 tibi

96 183 167 200 moduni
181 183 251 199 dicendi
264 182 286 199 ad
298 182 411 204 clepsydram
423 183 531 201 statuissem.
557 186 583 201 At
592 184 632 201 vide
641 190 694 206 quem
707 184 779 200 tandem

94 216 148 233 aquae
163 211 196 227 tibi
212 210 287 227 modum
303 210 396 227 infuderis.
423 211 462 228 Non
480 212 549 228 inuitus
566 212 614 232 facio,
627 214 647 229 vt
662 213 747 229 strennue
762 213 779 228 te

94 239 184 260 castigem,
202 239 229 255 cui
250 238 317 254 iamdiu
334 238 415 255 inuidere
429 239 478 260 coepi
493 241 512 256 vt
524 240 624 256 luminibus
641 240 685 256 meis
701 240 779 256 nimium
788 246 815 259 520

95 267 186 284 efficienti:
199 267 216 283 et
225 267 312 283 hactenus
323 272 374 288 aegre
383 266 417 283 tuli
426 267 445 283 in
454 267 579 288 epistolaribus
587 267 654 284 nostris
662 268 780 284 altercationi-

95 295 127 311 bus
135 300 163 311 me
172 300 242 316 semper
251 294 354 311 inferiorem
366 294 474 311 discessisse,
499 295 533 312 Sed
542 301 603 312 vereor
611 301 633 312 ne
642 301 714 312 omnem
723 296 742 311 in
751 301 779 312 me

94 323 137 339 iram
146 324 195 339 tuam
202 322 276 342 deriuesy
284 323 301 339 et
308 322 323 339 si
332 322 412 339 nondum
419 322 471 344 plane
478 322 620 344 indignationem
626 323 675 339 illam
683 323 778 344 deuorasti,

95 351 121 367 vel
138 351 240 367 defloratam
258 356 294 366 non
311 350 413 371 concoxisti,
425 356 447 367 ne
462 352 482 367 tu
499 350 583 372 reliquias
599 350 618 367 in
634 356 663 367 me
678 356 747 372 regeras
761 352 779 367 et

93 384 163 400 expuas,
173 378 302 400 epistolamque
309 378 355 395 mihi
365 384 417 395 vnam
427 379 557 395 amarulentam
567 378 638 395 scribas*
664 379 731 395 Verum
740 384 776 399 age,
787 384 813 398 ³25

93 407 186 428 piacularis
200 412 236 424 esse
249 412 286 423 non
299 412 360 423 recuso
375 408 392 423 et
405 406 423 423 in
437 406 491 423 Fabri
503 407 563 423 locum
575 406 645 428 prodire
657 406 777 426 succidaneus,

94 435 136 451 dum
153 435 204 451 modo
223 434 336 451 stomachum
357 440 458 456 perpurges,
475 434 530 451 simul
547 436 564 451 et
580 434 679 455 suspicione
696 434 728 450 illa
747 435 778 450 tua

93 462 177 484 defungar
191 463 226 484 περὶ
242 463 273 478 τῶν
287 463 441 484 λεπτολογημάτων.
466 462 506 479 Hoc
523 462 587 479 multis
603 463 674 483 gratum
690 461 728 482 erit,
746 461 777 483 qui

93 490 176 507 interesse
188 490 267 512 publicae
276 490 361 507 vtilitatis
373 490 449 507 eredunt
461 491 478 506 te
490 490 512 507 ab
525 490 557 506 illa
568 490 683 507 contentione
695 489 777 506 animum

94 518 189 539 deflectere,
200 524 222 535 ne
231 518 248 535 id
258 518 291 534 tibi
303 524 389 539 parergon
399 518 498 540 praeclarae
510 518 609 540 cuiuspiam
621 518 778 534 commentationis
787 523 814 536 ,³30

93 552 160 563 remora
168 546 192 563 sit
201 546 228 563 vel
237 547 380 563 auocamentum.

115 574 163 590 Haec
175 574 197 591 ad
210 575 227 591 te
239 574 307 595 scripsiy
318 574 346 591 vir
359 574 470 595 amicissime,
480 574 540 596 potius
549 576 569 591 vt
581 574 662 591 animum
675 580 735 591 meum
745 574 777 591 tibi

93 603 164 618 testarer
178 602 270 624 literisque
279 602 315 618 tuis
329 602 460 624 responderem,
473 608 526 624 quam
541 603 587 624 quod
602 602 724 619 admonitione
738 608 778 619 mea

92 636 141 652 egere
152 631 169 647 te
180 632 267 652 putarem.
293 630 350 652 Atqui
360 630 418 647 libens
431 630 464 647 hoc
475 630 550 651 fecerim,
561 630 575 647 si
585 630 656 652 possim,
663 631 683 646 vt
692 630 723 651 qui
731 630 777 647 mihi

92 658 195 675 maledicere
209 658 292 680 gestiant,
306 658 327 675 ad
343 659 419 675 officium
432 660 450 675 et
464 659 570 675 modestiam
587 658 615 675 vel
630 658 734 679 perferendo
748 658 777 675 vel
786 664 813 678 355

92 686 190 708 spernendo
202 686 339 703 obtrectationes
351 687 443 703 reducam:
456 687 484 703 sin
498 687 515 703 id
528 687 596 703 efficere
606 692 679 707 nequeo,
689 687 735 703 certe
744 687 777 703 hoc

93 720 126 731 non
135 714 254 731 commiserim
262 715 283 731 vt
291 715 313 731 ab
321 715 468 736 aequanimitatis
477 715 567 736 proposito
575 718 593 731 et
602 714 712 731 constantiae
720 715 776 735 ,ztradu

92 742 177 759 dimoueri
185 748 214 759 me
225 743 283 759 sinam
294 742 353 759 aliena
361 743 480 764 improbitate.
506 742 579 759 Etenim
590 742 643 759 habet
653 742 687 759 hoc
695 748 705 759 a
714 744 777 759 natura

92 770 168 791 impetus
176 770 277 787 inuectiuae
286 770 406 787 contentionis
414 771 438 791 vt,
449 770 464 787 si
473 770 565 791 ingruenti
574 770 650 790 cesseris,
660 770 722 786 irritus
734 776 776 787 mox

91 798 186 820 irrisusque
198 800 251 820 atque
263 798 349 815 euanidus
360 798 454 819 fathiscatg
467 798 513 815 sicut
525 798 578 815 turbo
587 798 641 815 elisus
650 798 720 819 rapidas
729 798 776 815 vires
785 803 812 817 340

90 826 160 846 amittit,
169 826 185 843 si
193 827 261 843 obicem
270 832 306 843 non
315 826 395 843 offendit*
414 826 450 843 Hic
458 832 489 843 sus
497 826 597 843 Mineruam
607 826 676 847 docebo,
686 826 776 848 librosque

91 855 130 871 tuos
139 854 186 871 adire
194 855 211 871 te
220 854 290 871 iubebo.
305 854 357 871 Miles
366 854 414 871 enim
423 855 465 871 tuus
474 854 592 875 Christianus,
602 854 647 870 mihi
656 854 776 876 omnibusque

91 882 230 903 probatissimus,
247 888 275 899 nie
292 882 353 899 docuit
370 888 406 899 non
422 888 460 899 esse
474 889 496 899 ex
512 888 545 899 vsu
562 882 666 904 disciplinae
683 883 777 899 castrensis

90 910 164 927 delectos
177 911 243 928 Christi
259 910 327 927 milites
339 910 462 927 huiuscemodi
475 911 579 927 velitatione
592 911 701 932 tyrocinium
714 911 774 930 facere,

90 944 121 955 nec
138 938 203 956 Christi
222 938 331 955 athletarum
350 944 388 956 esse
407 939 543 960 pugillationem
564 939 653 959 infestam,
676 940 695 955 vt
716 940 775 956 tecum
784 945 811 959 345

90 966 185 988 obsignatis
194 966 259 984 tabulis
268 972 325 988 agam.

112 994 179 1012 Mirum
191 996 218 1012 est
232 995 347 1012 Tunstallum
360 995 382 1012 ad
396 1001 424 1012 nie
436 1001 473 1012 non
486 995 606 1017 rescripsisse:
624 1001 685 1012 vereor
697 996 717 1012 vt
732 996 776 1013 satis

89 1023 136 1039 salue
144 1029 162 1040 se
171 1023 228 1040 adhuc
237 1023 326 1040 habuen't.
346 1023 437 1045 Epistoloe
444 1029 494 1040 meae
501 1023 522 1040 ad
532 1029 572 1040 eum
582 1023 684 1045 exemplum
694 1024 775 1041 nondum

89 1051 148 1073 recepi,
158 1052 177 1068 vt
189 1053 242 1069 antea
254 1052 276 1068 ad
289 1053 307 1068 te
319 1051 388 1073 scripsi,
398 1053 450 1073 atque
463 1051 510 1068 haud
524 1052 559 1068 scio
572 1057 595 1068 an
604 1051 694 1073 perditum
703 1052 731 1069 sit.
756 1053 775 1070 Si

88 1080 147 1096 tamen
161 1086 269 1101 magnopere
283 1080 348 1097 habere
363 1081 440 1101 exoptas,
454 1085 475 1096 ex
490 1080 554 1097 scheda
566 1080 635 1097 restitui
648 1081 718 1101 poterit,
734 1087 774 1098 cum
784 1087 811 1101 ³50

88 1106 120 1123 erit
132 1107 177 1124 mihi
190 1108 253 1124 ocium.
279 1107 380 1129 Stephanus
393 1108 453 1124 noster
465 1108 540 1124 antistes
552 1113 574 1124 ex
583 1107 623 1124 aula
632 1108 667 1124 huc
675 1108 697 1125 ad
706 1108 775 1130 aliquot

88 1135 124 1152 dies
131 1136 190 1153 venit:
203 1136 233 1153 sed
246 1136 312 1153 iterum
326 1136 426 1156 accersitus,
435 1136 519 1157 perendie
529 1141 632 1153 reuersurus
640 1138 672 1157 este
683 1142 714 1153 nec
726 1142 774 1154 nunc

87 1165 113 1180 est
121 1163 140 1180 in
152 1164 199 1184 vrbe,
208 1164 239 1181 sed
248 1170 287 1181 cras
296 1164 393 1185 rediturus,
403 1165 421 1180 vt
430 1164 486 1184 aiunt,
497 1165 514 1180 et
523 1170 565 1181 mox
574 1165 621 1181 viam
632 1164 716 1182 initurus.
742 1165 775 1182 Bis

105 1209 136 1222 324.
148 1207 231 1220 commisti
238 1207 297 1222 scr-ipsi:
307 1206 392 1223 concepisti
399 1207 421 1219 E:
432 1206 527 1223 eoueoqu‘xsti
534 1207 551 1220 Ν.
603 1210 634 1223 330⁴
645 1206 686 1220 Eis-²:
696 1207 775 1224 praeclara

87 1224 147 1239 almum
192 1229 224 1242 334.
235 1226 288 1242 Atque
295 1226 314 1238 H.
353 1228 386 1242 ³42-
397 1224 439 1238 adire
446 1226 468 1238 E:
478 1225 533 1239 auam
539 1226 557 1239 K.

104 1268 135 1284 3⁴6-
145 1268 236 1286 obsignatis]
242 1268 264 1282 cx:
270 1268 413 1285 mommssnaa.
444 1268 774 1287 §o9.3‚757.5,sx9.1522572na1.4551·nsra.

104 1287 136 1303 348-
147 1287 232 1305 spasmus]
246 1287 273 1305 Ep.
287 1287 325 1305 ψῃ
345 1287 363 1300 ef.
375 1287 413 1304 Epp,
463 1291 494 1304 351.
506 1288 601 1306 Stephanus]
608 1288 681 1302 ronchu.
