825 1433
91 78 125 94 454
289 77 397 94 LETTERS
413 77 443 94 OF
458 77 572 94 ERASMUS
718 75 774 99 [1518

91 128 119 138 me
128 128 150 139 ne
159 122 248 138 tantulum
257 121 330 143 quidem
338 121 393 138 fuisse
401 123 511 138 commotum
519 127 522 142 ;
535 122 552 138 et
561 121 604 137 adeo
616 126 651 137 non
663 121 717 137 fuisse
728 126 774 137 comv

91 151 160 167 motum
174 152 194 166 vt
206 150 272 166 amicos
286 149 371 171 quosdam
385 150 487 170 Germanos,
503 149 521 166 id
537 155 573 166 non
588 149 631 165 satis
643 154 700 170 aequo
712 149 773 165 auimo

90 178 171 197 ferentes,
180 177 248 194 risen'm
261 177 320 194 verius
334 183 388 198 quam
402 178 491 198 placarim.
518 177 606 198 Quorsum
621 177 678 198 igitur
693 177 773 193 attinent

91 205 121 222 illa
135 206 184 227 tumui
197 205 222 221 mi
233 205 313 226 φαβερσίῗ)
338 205 399 222 ‘Itane
411 211 457 226 vero,
469 206 484 222 si
496 205 538 227 quid
552 205 584 221 tibi
596 205 709 221 familiariter
721 206 774 226 atque

57 239 83 253 ²30
90 233 178 250 amicitiae
185 233 222 249 iure
230 233 286 250 fietus
293 233 357 253 dixero,
365 234 385 250 tu
393 233 411 250 in
421 239 450 250 me
456 233 567 255 eloquentiae
574 234 615 250 tuae
620 233 676 250 aciem
683 233 773 255 stn'nges‘?

90 262 108 277 et
116 263 136 277 vt
144 266 205 278 animo
213 261 315 282 obsequaris
322 261 429 282 iracundulo,
437 261 458 278 ad
466 261 567 278 satietatem
574 267 644 278 mecum
651 261 772 283 delitigabis?'

90 290 192 310 caeteraque
200 294 244 310 quae
253 289 271 305 in
280 289 325 306 hane
334 290 432 311 sequuntur
440 290 552 306 sententiam.
578 289 597 306 Si
603 289 645 306 haee
652 290 697 306 serio
703 289 771 309 scribis,

89 317 163 333 vbinam
172 318 198 333 est
207 317 225 333 in
234 317 305 338 scriptis
313 317 358 334 meis
366 317 401 334 ista
409 318 446 334 tam
457 318 546 339 impotens
557 317 661 334 iracundia?
673 317 703 334 vbi
715 317 771 334 deliti-

89 345 137 366 gatio
142 345 151 361 5³
163 345 193 361 vbi
199 351 238 361 mea
246 345 327 362 Minerua
333 345 423 362 facundiae
430 345 521 367 praesidiis
529 346 584 362 fietus
592 346 677 362 aduersus
683 346 771 362 iustitiam

55 379 81 393 ²35
89 373 186 394 depugno?
209 373 242 389 Sin
255 373 308 393 ludis,
323 379 356 394 qua
373 374 414 389 nota
428 373 492 390 sentiet
509 373 565 390 lector
582 374 672 395 vtriusque
689 375 771 390 nostrum

89 400 161 422 ignarus
175 406 212 417 esse
226 401 290 421 iocum,
300 401 319 417 in
332 407 366 422 quo
379 402 398 417 tu
411 402 448 417 tam
460 401 505 418 scite
517 401 612 418 adumbras
624 402 771 422 stomachantem,

89 429 109 444 vt
117 429 148 449 qui
157 434 197 444 vere
205 428 308 449 indignetur
316 434 351 444 non
360 430 411 449 queat
419 429 498 449 seipsum
507 429 571 445 melius
579 430 710 450 repraesentare
717 435 770 450 quam

89 457 109 472 tu
122 455 210 472 simules?
233 456 252 472 Si
265 456 298 472 tibi
310 456 367 477 placet
379 456 429 472 lusus
441 456 538 473 Laconicus
549 456 569 473 in
582 457 664 477 amicum,
674 457 706 478 qui
715 463 772 478 vsque

89 483 111 500 ad
120 484 194 500 vulnera
203 483 296 505 tuberaque
305 484 350 500 solet
358 484 444 505 progredi,
454 484 536 501 videficet
545 490 579 506 quo
588 490 617 501 me
625 485 687 502 doceas
696 485 771 502 toleran-

56 518 82 531 240
89 511 145 532 tiam;
158 511 198 527 vide
209 517 231 527 ne
240 512 279 533 quis
288 512 334 528 istud
343 513 423 528 causetur
434 517 497 533 parum
507 513 635 534 tempestiuum
645 513 664 529 in
677 513 770 530 hominem

89 539 177 560 aliquanto
190 545 242 560 quam
254 540 273 555 tu
286 545 304 556 es
315 540 359 556 natu
371 539 487 561 grandiorem,
499 545 540 556 cum
552 542 636 557 cruentus
648 541 679 557 ille
692 541 770 562 Lycurgi

88 566 137 583 lusus
151 567 263 583 iuuentutem
277 567 363 583 duntaxat
378 568 480 584 excerceret.
506 567 546 584 Iam
558 568 657 589 periculum
668 570 696 586 est
706 574 729 585 ne
740 569 768 586 cui

89 594 148 611 veniat
161 594 179 610 in
193 596 272 611 mentem
284 595 304 611 vt
316 595 373 611 simile
386 595 470 616 quiddam
483 595 529 612 dicat
543 596 563 612 in
576 597 593 612 te
605 596 658 618 quale
670 597 770 614 celebratur

89 622 169 638 Platonis
180 622 198 638 in
209 622 311 643 Diogenem.
337 623 356 639 Is
366 628 406 639 cum
416 623 500 640 calcasset
512 624 605 641 culcitram
616 624 702 645 Platonis,
714 625 739 642 ait
751 631 770 642 se

55 657 80 670 ²45
88 650 168 666 Platonis
182 650 248 666 fastum
262 650 336 667 calcare:
357 651 438 671 *Calcas,’
453 652 512 673 inquit
528 652 585 672 Plato,
603 653 642 669 ‘sed
659 653 695 670 alio
711 653 770 670 fastu.v

89 678 189 694 Verendum
201 678 256 699 igitur
268 680 294 694 est
306 684 328 694 ne
342 678 382 699 quis
397 679 542 696 animaduertens
554 681 591 696 tam
607 681 696 698 iracundis
712 681 769 698 literis

88 705 124 722 tuis
139 710 197 722 meam
211 705 292 727 castigari
305 706 418 726 iracundiam,
432 706 466 723 tibi
479 707 526 723 dieat
538 707 612 725 itidem:
628 708 725 731 ¹Obiurgas
738 709 770 726 ira-

88 733 177 753 cundiam,
198 733 228 749 setl
250 733 284 750 alia
303 734 404 750 iracundia!
434 735 518 752 Ceterum
538 736 577 757 agis
596 736 707 758 iracundum,
731 743 768 755 non

88 761 171 777 irasceris.
196 761 219 777 Vt
231 766 278 782 agas,
287 763 333 777 certe
342 762 419 778 nimium
430 763 472 778 scite
483 763 526 784 agis,
536 764 687 784 quemadmodum
696 766 769 782 Aiacem

54 795 80 809 ²5⁰
88 789 123 809 egit
136 788 241 805 Lucianicus
256 788 286 805 ille
303 789 372 809 histrio,
387 790 418 810 qui
429 790 476 806 inter
492 791 581 812 agendum
599 792 629 808 vni
646 794 700 814 atque
716 793 768 810 alteri

87 818 139 837 eaput
151 816 261 837 comminuit,
275 822 310 833 nen
323 817 360 833 sine
372 819 421 834 metu
436 820 550 836 caeterorum.
575 819 609 836 Sed
622 820 653 837 ille
665 823 770 842 personatus

87 844 152 865 agebat,
162 845 181 860 tu
190 844 237 861 nuda
245 844 289 861 facie
298 850 339 861 cum
347 845 404 862 amieo
412 846 456 867 agis.
481 846 531 867 Quod
538 847 553 863 si
560 847 631 864 vultum
638 848 672 865 ista
678 849 770 871 loquentis

87 873 117 888 aut
127 872 219 889 scribentis
231 874 310 889 cerneret
320 873 390 894 aliquis,
399 873 479 891 fortassis
490 874 597 896 intelligeret
605 877 698 894 saeuitiam
707 878 768 895 verbo-

87 906 127 917 rum
139 905 196 916 meros
208 906 245 916 esse
257 900 312 917 lusus.
339 901 390 918 Nunc
400 901 454 918 lector
466 902 538 919 vultum
551 904 645 921 scribentis
657 910 693 922 non
706 907 768 927 cernit,

53 934 78 947 ²55
87 928 168 944 animum
177 933 198 944 ex
206 928 265 945 verbis
273 929 360 945 aestimat.

110 956 144 972 Sed
156 956 199 972 haec
210 956 264 973 alias:
279 962 326 973 nunc
340 957 424 978 epistolae
438 959 478 974 tuae
492 959 556 975 seriem
570 965 670 982 persequar.
702 962 740 983 Ais,
754 963 770 979 si

86 983 132 1000 mihi
145 984 207 1001 fuisset
222 985 317 1006 integrum,
332 990 426 1002 suasurum
441 986 495 1003 fuisse
508 988 526 1003 te
540 988 560 1004 vt
576 988 709 1007 dissimularem
725 991 769 1012 quid

86 1011 143 1028 Faber
155 1012 174 1028 in
186 1018 214 1029 me
226 1012 336 1034 scripsisset:
349 1019 389 1030 cum
402 1013 419 1030 in
432 1014 465 1031 hac
477 1015 539 1032 eadem
551 1016 625 1037 epistola
637 1017 709 1035 fatearis
721 1020 744 1040 te,
754 1019 770 1036 si

86 1045 113 1056 res
124 1046 156 1061 pro
168 1040 205 1057 tuis
215 1041 278 1057 restris
287 1042 372 1062 ageretur,
382 1047 418 1058 non
429 1042 554 1064 adempturum
567 1044 613 1061 mihi
621 1045 691 1063 dicendi
699 1052 732 1068 pro
741 1053 769 1064 me

52 1069 78 1083 260
85 1067 194 1089 facultatem,
201 1069 231 1085 sed
240 1069 340 1091 clepsydras
346 1070 436 1090 pauciores
442 1070 551 1089 infusurum.
568 1072 607 1089 Hoc
614 1074 709 1092 consilium
717 1076 770 1097 quale

85 1095 167 1112 futurum
175 1096 232 1116 fuerit,
243 1097 261 1113 in
270 1097 370 1118 praesentia
380 1103 417 1114 non
429 1098 513 1120 expendo,
539 1099 588 1117 Illud
598 1100 655 1118 habeo
667 1103 770 1124 compertis-

85 1123 157 1144 simum,
169 1124 246 1141 eruditos
259 1125 350 1146 quosdam,
362 1131 418 1147 neque
428 1127 514 1147 postremi
526 1128 605 1145 nominis
617 1129 670 1151 viros,
680 1130 726 1148 lecta
738 1131 770 1148 illa

85 1151 138 1168 Fabri
146 1152 261 1169 insectatione
270 1153 315 1169 mihi
324 1154 408 1170 nonnihil
418 1154 511 1176 timu-isse,·
523 1156 554 1177 qui
563 1156 618 1174 iidem
629 1158 699 1179 prodita
709 1160 770 1177 nestra

84 1179 172 1201 Apologia
180 1180 248 1197 metum
257 1186 329 1197 omnem
336 1183 439 1203 posuerunt,
448 1188 532 1205 meaeque
541 1184 654 1203 innocentiae
662 1188 704 1204 sunt
711 1189 770 1209 gratu-

50 1207 75 1225 265
84 1207 121 1224 lati.
147 1208 225 1229 Quotum
233 1209 293 1225 autem
301 1215 382 1231 quenque
390 1210 472 1227 futurum
480 1211 535 1229 fuisse
544 1218 610 1234 censes,
617 1214 648 1236 qui
657 1221 702 1237 quae
711 1216 769 1233 Faber

358 1243 390 1260 238.
401 1243 488 1258 simulasE

102 1272 134 1285 229.
145 1268 190 1282 Itane
197 1268 239 1290 γεω]
247 1268 268 1282 ef.
276 1269 391 1287 Ep.810.61-4.
459 1276 491 1289 250.
502 1272 601 1291 tuomum]
609 1275 642 1288 sm.
649 1275 672 1292 ⁸3.

102 1291 133 1304 244.
144 1287 221 1305 Platonis}
232 1287 254 1301 et
265 1287 307 1306 mog.
316 1288 367 1302 Lam.
376 1290 388 1303 es⁴
397 1294 410 1303 2.
458 1292 490 1308 256—
501 1291 536 1310 Ais]
543 1292 566 1306 or.
575 1293 602 1310 Ep.
610 1293 642 1307 am.
652 1298 693 1311 ΊΗ.

84 1306 107 1319 25.
458 1310 490 1327 255.
500 1310 600 1329 famamque.
607 1312 634 1330 Ep.
642 1312 674 1327 ειο.
682 1317 734 1331 3¹5-9-
