<?xml version="1.0" encoding="UTF-8"?>
<!DOCTYPE html PUBLIC "-//W3C//DTD XHTML 1.0 Transitional//EN"
    "http://www.w3.org/TR/xhtml1/DTD/xhtml1-transitional.dtd">
<html xmlns="http://www.w3.org/1999/xhtml" xml:lang="en" lang="en">
 <head>
  <title>
</title>
<meta http-equiv="Content-Type" content="text/html;charset=utf-8" />
  <meta name='ocr-system' content='tesseract 3.04.00' />
  <meta name='ocr-capabilities' content='ocr_page ocr_carea ocr_par ocr_line ocrx_word'/>
</head>
<body>
  <div class='ocr_page' id='page_1' title='image "./erasmiepistolae03allenuoft_00622.png"; bbox 0 0 825 1433; ppageno 0'>
   <div class='ocr_carea' id='block_1_1' title="bbox 105 57 793 81">
    <p class='ocr_par' dir='ltr' id='par_1_1' title="bbox 105 57 793 81">
     <span class='ocr_line' id='line_1_1' title="bbox 105 57 793 81; baseline 0.004 -3"><span class='ocrx_word' id='word_1_1' title='bbox 105 57 147 80; x_wconf 83' lang='lat'>959]</span> <span class='ocrx_word' id='word_1_2' title='bbox 328 61 358 78; x_wconf 79' lang='lat' dir='ltr'>&#39;ro</span> <span class='ocrx_word' id='word_1_3' title='bbox 376 62 491 80; x_wconf 75' lang='lat' dir='ltr'>WILLIAM</span> <span class='ocrx_word' id='word_1_4' title='bbox 508 64 573 81; x_wconf 81' lang='lat' dir='ltr'>CROY</span> <span class='ocrx_word' id='word_1_5' title='bbox 759 64 793 81; x_wconf 83' lang='lat'>571</span> 
     </span>
    </p>
   </div>
   <div class='ocr_carea' id='block_1_2' title="bbox 97 102 825 1235">
    <p class='ocr_par' dir='ltr' id='par_1_2' title="bbox 102 102 821 687">
     <span class='ocr_line' id='line_1_2' title="bbox 103 102 795 130; baseline 0.009 -12"><span class='ocrx_word' id='word_1_6' title='bbox 103 102 224 124; x_wconf 76' lang='lat' dir='ltr'>prudentiam,</span> <span class='ocrx_word' id='word_1_7' title='bbox 233 109 268 120; x_wconf 91' lang='lat' dir='ltr'>non</span> <span class='ocrx_word' id='word_1_8' title='bbox 277 105 339 122; x_wconf 79' lang='lat' dir='ltr'>eadem</span> <span class='ocrx_word' id='word_1_9' title='bbox 348 106 416 123; x_wconf 80' lang='lat' dir='ltr'>ratione</span> <span class='ocrx_word' id='word_1_10' title='bbox 424 113 471 129; x_wconf 78' lang='lat' dir='ltr'>opes,</span> <span class='ocrx_word' id='word_1_11' title='bbox 479 108 561 129; x_wconf 75' lang='lat' dir='ltr'>formam,</span> <span class='ocrx_word' id='word_1_12' title='bbox 570 108 690 125; x_wconf 78' lang='lat' dir='ltr'>valetudinem</span> <span class='ocrx_word' id='word_1_13' title='bbox 699 108 769 130; x_wconf 80' lang='lat' dir='ltr'>aliaque</span> <span class='ocrx_word' id='word_1_14' title='bbox 777 108 795 124; x_wconf 90' lang='lat' dir='ltr'>id</span> 
     </span>
     <span class='ocr_line' id='line_1_3' title="bbox 104 130 821 158; baseline 0.011 -12"><span class='ocrx_word' id='word_1_15' title='bbox 104 135 161 151; x_wconf 83' lang='lat' dir='ltr'>genus</span> <span class='ocrx_word' id='word_1_16' title='bbox 170 130 217 148; x_wconf 81' lang='lat' dir='ltr'>hona</span> <span class='ocrx_word' id='word_1_17' title='bbox 226 131 261 148; x_wconf 89' lang='lat' dir='ltr'>dici</span> <span class='ocrx_word' id='word_1_18' title='bbox 270 138 305 154; x_wconf 80' lang='lat' dir='ltr'>qua</span> <span class='ocrx_word' id='word_1_19' title='bbox 314 133 405 151; x_wconf 85' lang='lat' dir='ltr'>virtutem.</span> <span class='ocrx_word' id='word_1_20' title='bbox 431 135 460 152; x_wconf 85' lang='lat' dir='ltr'>Sic</span> <span class='ocrx_word' id='word_1_21' title='bbox 468 137 517 153; x_wconf 87' lang='lat' dir='ltr'>enim</span> <span class='ocrx_word' id='word_1_22' title='bbox 526 136 569 153; x_wconf 80' lang='lat' dir='ltr'>haec</span> <span class='ocrx_word' id='word_1_23' title='bbox 578 136 624 153; x_wconf 86' lang='lat' dir='ltr'>bona</span> <span class='ocrx_word' id='word_1_24' title='bbox 632 137 725 156; x_wconf 80' lang='lat' dir='ltr'>vocantur,</span> <span class='ocrx_word' id='word_1_25' title='bbox 734 142 795 158; x_wconf 82' lang='lat' dir='ltr'>quem·</span> <span class='ocrx_word' id='word_1_26' title='bbox 805 140 821 155; x_wconf 82' lang='lat'>75</span> 
     </span>
     <span class='ocr_line' id='line_1_4' title="bbox 104 157 794 186; baseline 0.01 -12"><span class='ocrx_word' id='word_1_27' title='bbox 104 157 203 175; x_wconf 77' lang='lat' dir='ltr'><strong>admodum</strong></span> <span class='ocrx_word' id='word_1_28' title='bbox 214 165 276 181; x_wconf 83' lang='lat' dir='ltr'>regum</span> <span class='ocrx_word' id='word_1_29' title='bbox 288 161 411 179; x_wconf 73' lang='lat' dir='ltr'>caduceatores</span> <span class='ocrx_word' id='word_1_30' title='bbox 422 168 471 185; x_wconf 83' lang='lat' dir='ltr'>reges</span> <span class='ocrx_word' id='word_1_31' title='bbox 480 164 562 185; x_wconf 82' lang='lat' dir='ltr'>dicimus,</span> <span class='ocrx_word' id='word_1_32' title='bbox 572 164 619 186; x_wconf 87' lang='lat' dir='ltr'>quod</span> <span class='ocrx_word' id='word_1_33' title='bbox 627 164 699 186; x_wconf 79' lang='lat' dir='ltr'>regibus</span> <span class='ocrx_word' id='word_1_34' title='bbox 711 164 794 181; x_wconf 75' lang='lat' dir='ltr'>seruiant.</span> 
     </span>
     <span class='ocr_line' id='line_1_5' title="bbox 104 186 796 214; baseline 0.01 -12"><span class='ocrx_word' id='word_1_35' title='bbox 104 186 153 207; x_wconf 75' lang='lat' dir='ltr'>Quae</span> <span class='ocrx_word' id='word_1_36' title='bbox 159 186 214 204; x_wconf 86' lang='lat' dir='ltr'>Stoici</span> <span class='ocrx_word' id='word_1_37' title='bbox 220 187 301 205; x_wconf 74' lang='lat' dir='ltr'>fortassis</span> <span class='ocrx_word' id='word_1_38' title='bbox 306 190 417 211; x_wconf 72' lang='lat' dir='ltr'>appellarent</span> <span class='ocrx_word' id='word_1_39' title='bbox 422 192 519 213; x_wconf 80' lang='lat' dir='ltr'>commoda,</span> <span class='ocrx_word' id='word_1_40' title='bbox 526 192 641 214; x_wconf 73' lang='lat' dir='ltr'>Peripatetici</span> <span class='ocrx_word' id='word_1_41' title='bbox 647 192 720 209; x_wconf 74' lang='lat' dir='ltr'>dilatata</span> <span class='ocrx_word' id='word_1_42' title='bbox 727 193 796 209; x_wconf 80' lang='lat' dir='ltr'>ratione</span> 
     </span>
     <span class='ocr_line' id='line_1_6' title="bbox 104 214 795 241; baseline 0.01 -10"><span class='ocrx_word' id='word_1_43' title='bbox 104 214 183 231; x_wconf 85' lang='lat' dir='ltr'>nominis</span> <span class='ocrx_word' id='word_1_44' title='bbox 196 215 242 233; x_wconf 80' lang='lat' dir='ltr'>hona</span> <span class='ocrx_word' id='word_1_45' title='bbox 253 217 340 237; x_wconf 75' lang='lat' dir='ltr'><strong>quaedam</strong></span> <span class='ocrx_word' id='word_1_46' title='bbox 353 218 449 239; x_wconf 80' lang='lat' dir='ltr'>appellant.</span> <span class='ocrx_word' id='word_1_47' title='bbox 475 220 548 237; x_wconf 84' lang='lat' dir='ltr'>Virtute</span> <span class='ocrx_word' id='word_1_48' title='bbox 561 226 613 237; x_wconf 87' lang='lat' dir='ltr'>nemo</span> <span class='ocrx_word' id='word_1_49' title='bbox 624 221 683 241; x_wconf 84' lang='lat' dir='ltr'>potest</span> <span class='ocrx_word' id='word_1_50' title='bbox 694 221 754 241; x_wconf 81' lang='lat' dir='ltr'>abuti;</span> <span class='ocrx_word' id='word_1_51' title='bbox 766 221 795 237; x_wconf 85' lang='lat' dir='ltr'>his</span> 
     </span>
     <span class='ocr_line' id='line_1_7' title="bbox 104 242 795 270; baseline 0.012 -12"><span class='ocrx_word' id='word_1_52' title='bbox 104 242 204 259; x_wconf 82' lang='lat' dir='ltr'>abutuntur</span> <span class='ocrx_word' id='word_1_53' title='bbox 216 243 276 264; x_wconf 84' lang='lat' dir='ltr'>multi,</span> <span class='ocrx_word' id='word_1_54' title='bbox 288 245 319 261; x_wconf 84' lang='lat' dir='ltr'>sed</span> <span class='ocrx_word' id='word_1_55' title='bbox 331 251 369 267; x_wconf 78' lang='lat' dir='ltr'>suo,</span> <span class='ocrx_word' id='word_1_56' title='bbox 380 251 416 263; x_wconf 87' lang='lat' dir='ltr'>non</span> <span class='ocrx_word' id='word_1_57' title='bbox 429 252 489 264; x_wconf 83' lang='lat' dir='ltr'>rerum</span> <span class='ocrx_word' id='word_1_58' title='bbox 499 248 550 265; x_wconf 84' lang='lat' dir='ltr'>vicio.</span> <span class='ocrx_word' id='word_1_59' title='bbox 577 248 645 265; x_wconf 81' lang='lat' dir='ltr'>Rursus</span> <span class='ocrx_word' id='word_1_60' title='bbox 658 250 700 265; x_wconf 85' lang='lat' dir='ltr'>sunt</span> <span class='ocrx_word' id='word_1_61' title='bbox 709 249 795 270; x_wconf 76' lang='lat' dir='ltr'><strong>quaedam</strong></span> 
     </span>
     <span class='ocr_line' id='line_1_8' title="bbox 104 270 821 297; baseline 0.011 -11"><span class='ocrx_word' id='word_1_62' title='bbox 104 276 135 291; x_wconf 84' lang='lat' dir='ltr'>pro</span> <span class='ocrx_word' id='word_1_63' title='bbox 141 270 260 288; x_wconf 79' lang='lat' dir='ltr'>incommodis</span> <span class='ocrx_word' id='word_1_64' title='bbox 267 272 314 289; x_wconf 74' lang='lat' dir='ltr'>maia</span> <span class='ocrx_word' id='word_1_65' title='bbox 321 275 384 290; x_wconf 83' lang='lat' dir='ltr'>vocata</span> <span class='ocrx_word' id='word_1_66' title='bbox 389 274 516 296; x_wconf 72' lang='lat' dir='ltr'>Peripateticis,</span> <span class='ocrx_word' id='word_1_67' title='bbox 525 281 570 297; x_wconf 82' lang='lat' dir='ltr'>quae</span> <span class='ocrx_word' id='word_1_68' title='bbox 576 282 626 297; x_wconf 83' lang='lat' dir='ltr'>saepe</span> <span class='ocrx_word' id='word_1_69' title='bbox 633 277 694 293; x_wconf 76' lang='lat' dir='ltr'>tamen</span> <span class='ocrx_word' id='word_1_70' title='bbox 700 278 796 293; x_wconf 79' lang='lat' dir='ltr'>vertuntur</span> <span class='ocrx_word' id='word_1_71' title='bbox 803 277 821 291; x_wconf 81' lang='lat'>80</span> 
     </span>
     <span class='ocr_line' id='line_1_9' title="bbox 104 298 795 326; baseline 0.01 -11"><span class='ocrx_word' id='word_1_72' title='bbox 104 298 123 315; x_wconf 85' lang='lat' dir='ltr'>iu</span> <span class='ocrx_word' id='word_1_73' title='bbox 134 299 229 316; x_wconf 75' lang='lat' dir='ltr'>materiam</span> <span class='ocrx_word' id='word_1_74' title='bbox 238 300 323 321; x_wconf 84' lang='lat' dir='ltr'>virtutis,·</span> <span class='ocrx_word' id='word_1_75' title='bbox 335 302 353 318; x_wconf 89' lang='lat' dir='ltr'>et</span> <span class='ocrx_word' id='word_1_76' title='bbox 365 302 446 319; x_wconf 72' lang='lat' dir='ltr'>fortassis</span> <span class='ocrx_word' id='word_1_77' title='bbox 458 303 517 324; x_wconf 87' lang='lat' dir='ltr'>plures</span> <span class='ocrx_word' id='word_1_78' title='bbox 528 304 628 325; x_wconf 78' lang='lat' dir='ltr'>corrumpit</span> <span class='ocrx_word' id='word_1_79' title='bbox 639 306 733 326; x_wconf 73' lang='lat' dir='ltr'>paupertas</span> <span class='ocrx_word' id='word_1_80' title='bbox 741 310 795 326; x_wconf 80' lang='lat' dir='ltr'>quam</span> 
     </span>
     <span class='ocr_line' id='line_1_10' title="bbox 104 327 795 354; baseline 0.01 -12"><span class='ocrx_word' id='word_1_81' title='bbox 104 327 196 348; x_wconf 79' lang='lat' dir='ltr'>opulentia</span> <span class='ocrx_word' id='word_1_82' title='bbox 213 328 309 345; x_wconf 87' lang='lat' dir='ltr'>moderata.</span> <span class='ocrx_word' id='word_1_83' title='bbox 336 330 362 346; x_wconf 94' lang='lat' dir='ltr'>At</span> <span class='ocrx_word' id='word_1_84' title='bbox 376 330 437 347; x_wconf 88' lang='lat' dir='ltr'>Cicero</span> <span class='ocrx_word' id='word_1_85' title='bbox 454 331 553 348; x_wconf 80' lang='lat' dir='ltr'>demiratur</span> <span class='ocrx_word' id='word_1_86' title='bbox 569 338 579 349; x_wconf 80' lang='lat' dir='ltr'>a</span> <span class='ocrx_word' id='word_1_87' title='bbox 595 332 657 354; x_wconf 80' lang='lat' dir='ltr'>priscis</span> <span class='ocrx_word' id='word_1_88' title='bbox 670 332 741 349; x_wconf 88' lang='lat' dir='ltr'>Latinis</span> <span class='ocrx_word' id='word_1_89' title='bbox 757 338 795 349; x_wconf 80' lang='lat' dir='ltr'>rem</span> 
     </span>
     <span class='ocr_line' id='line_1_11' title="bbox 103 355 795 382; baseline 0.009 -11"><span class='ocrx_word' id='word_1_90' title='bbox 103 355 210 372; x_wconf 75' lang='lat' dir='ltr'>familiarem</span> <span class='ocrx_word' id='word_1_91' title='bbox 225 356 272 373; x_wconf 88' lang='lat' dir='ltr'>bona</span> <span class='ocrx_word' id='word_1_92' title='bbox 285 356 333 378; x_wconf 75' lang='lat' dir='ltr'>dici;</span> <span class='ocrx_word' id='word_1_93' title='bbox 351 358 386 378; x_wconf 84' lang='lat' dir='ltr'>sed,</span> <span class='ocrx_word' id='word_1_94' title='bbox 400 358 435 375; x_wconf 84' lang='lat' dir='ltr'>uisi</span> <span class='ocrx_word' id='word_1_95' title='bbox 450 359 507 380; x_wconf 76' lang='lat' dir='ltr'>fallor,</span> <span class='ocrx_word' id='word_1_96' title='bbox 521 360 576 377; x_wconf 86' lang='lat' dir='ltr'>Stoici</span> <span class='ocrx_word' id='word_1_97' title='bbox 589 365 682 381; x_wconf 74' lang='lat' dir='ltr'>personam</span> <span class='ocrx_word' id='word_1_98' title='bbox 695 366 749 382; x_wconf 81' lang='lat' dir='ltr'>agens</span> <span class='ocrx_word' id='word_1_99' title='bbox 762 360 795 377; x_wconf 90' lang='lat' dir='ltr'>hoc</span> 
     </span>
     <span class='ocr_line' id='line_1_12' title="bbox 103 383 793 410; baseline 0.009 -11"><span class='ocrx_word' id='word_1_100' title='bbox 103 383 207 400; x_wconf 77' lang='lat' dir='ltr'>demiratur.</span> <span class='ocrx_word' id='word_1_101' title='bbox 229 384 290 401; x_wconf 80' lang='lat' dir='ltr'>Aliter</span> <span class='ocrx_word' id='word_1_102' title='bbox 296 384 345 402; x_wconf 92' lang='lat' dir='ltr'>Deus</span> <span class='ocrx_word' id='word_1_103' title='bbox 354 385 420 403; x_wconf 84' lang='lat' dir='ltr'>dicitur</span> <span class='ocrx_word' id='word_1_104' title='bbox 427 386 490 408; x_wconf 83' lang='lat' dir='ltr'>bonus,</span> <span class='ocrx_word' id='word_1_105' title='bbox 499 387 550 404; x_wconf 82' lang='lat' dir='ltr'>aliter</span> <span class='ocrx_word' id='word_1_106' title='bbox 557 388 585 404; x_wconf 92' lang='lat' dir='ltr'>vir</span> <span class='ocrx_word' id='word_1_107' title='bbox 593 388 663 410; x_wconf 89' lang='lat' dir='ltr'>probus,</span> <span class='ocrx_word' id='word_1_108' title='bbox 673 388 724 404; x_wconf 80' lang='lat' dir='ltr'>aliter</span> <span class='ocrx_word' id='word_1_109' title='bbox 733 394 793 410; x_wconf 83' lang='lat' dir='ltr'>equus,</span> 
     </span>
     <span class='ocr_line' id='line_1_13' title="bbox 103 411 820 436; baseline 0.007 -8"><span class='ocrx_word' id='word_1_110' title='bbox 103 411 153 428; x_wconf 84' lang='lat' dir='ltr'>aliter</span> <span class='ocrx_word' id='word_1_111' title='bbox 162 417 253 429; x_wconf 80' lang='lat' dir='ltr'>nummus.</span> <span class='ocrx_word' id='word_1_112' title='bbox 276 412 366 433; x_wconf 77' lang='lat' dir='ltr'>Quorsum</span> <span class='ocrx_word' id='word_1_113' title='bbox 374 415 435 431; x_wconf 80' lang='lat' dir='ltr'>autem</span> <span class='ocrx_word' id='word_1_114' title='bbox 441 415 506 432; x_wconf 81' lang='lat' dir='ltr'>attinet</span> <span class='ocrx_word' id='word_1_115' title='bbox 515 416 577 432; x_wconf 83' lang='lat' dir='ltr'>mirari</span> <span class='ocrx_word' id='word_1_116' title='bbox 585 416 662 436; x_wconf 83' lang='lat' dir='ltr'>corporis</span> <span class='ocrx_word' id='word_1_117' title='bbox 670 416 766 433; x_wconf 75' lang='lat' dir='ltr'>sanitatem</span> <span class='ocrx_word' id='word_1_118' title='bbox 775 422 794 433; x_wconf 87' lang='lat' dir='ltr'>ac</span> <span class='ocrx_word' id='word_1_119' title='bbox 802 417 820 434; x_wconf 75' lang='lat'>85</span> 
     </span>
     <span class='ocr_line' id='line_1_14' title="bbox 103 439 794 465; baseline 0.007 -10"><span class='ocrx_word' id='word_1_120' title='bbox 103 439 149 456; x_wconf 92' lang='lat' dir='ltr'>vires</span> <span class='ocrx_word' id='word_1_121' title='bbox 161 439 207 456; x_wconf 85' lang='lat' dir='ltr'>bona</span> <span class='ocrx_word' id='word_1_122' title='bbox 218 439 258 461; x_wconf 76' lang='lat' dir='ltr'>dici,</span> <span class='ocrx_word' id='word_1_123' title='bbox 271 446 312 457; x_wconf 90' lang='lat' dir='ltr'>cum</span> <span class='ocrx_word' id='word_1_124' title='bbox 325 441 376 458; x_wconf 75' lang='lat' dir='ltr'>iuxta</span> <span class='ocrx_word' id='word_1_125' title='bbox 386 442 503 464; x_wconf 85' lang='lat' dir='ltr'>philosophos</span> <span class='ocrx_word' id='word_1_126' title='bbox 515 449 589 464; x_wconf 86' lang='lat' dir='ltr'>prorsus</span> <span class='ocrx_word' id='word_1_127' title='bbox 601 443 619 459; x_wconf 90' lang='lat' dir='ltr'>in</span> <span class='ocrx_word' id='word_1_128' title='bbox 630 443 692 460; x_wconf 79' lang='lat' dir='ltr'>eadem</span> <span class='ocrx_word' id='word_1_129' title='bbox 704 444 794 465; x_wconf 74' lang='lat' dir='ltr'>competat</span> 
     </span>
     <span class='ocr_line' id='line_1_15' title="bbox 102 467 793 493; baseline 0.006 -9"><span class='ocrx_word' id='word_1_130' title='bbox 102 467 149 484; x_wconf 84' lang='lat' dir='ltr'>entis</span> <span class='ocrx_word' id='word_1_131' title='bbox 162 473 182 484; x_wconf 86' lang='lat' dir='ltr'>ac</span> <span class='ocrx_word' id='word_1_132' title='bbox 194 468 237 485; x_wconf 87' lang='lat' dir='ltr'>boni</span> <span class='ocrx_word' id='word_1_133' title='bbox 253 468 365 490; x_wconf 72' lang='lat' dir='ltr'>appellatio?</span> <span class='ocrx_word' id='word_1_134' title='bbox 389 470 425 487; x_wconf 86' lang='lat' dir='ltr'>Nec</span> <span class='ocrx_word' id='word_1_135' title='bbox 438 470 460 487; x_wconf 85' lang='lat' dir='ltr'>de</span> <span class='ocrx_word' id='word_1_136' title='bbox 473 471 495 488; x_wconf 89' lang='lat' dir='ltr'>iis</span> <span class='ocrx_word' id='word_1_137' title='bbox 509 471 572 493; x_wconf 80' lang='lat' dir='ltr'>loquor</span> <span class='ocrx_word' id='word_1_138' title='bbox 584 477 628 493; x_wconf 86' lang='lat' dir='ltr'>quae</span> <span class='ocrx_word' id='word_1_139' title='bbox 642 471 696 488; x_wconf 81' lang='lat' dir='ltr'>luxus</span> <span class='ocrx_word' id='word_1_140' title='bbox 710 472 793 493; x_wconf 80' lang='lat' dir='ltr'>repperit,</span> 
     </span>
     <span class='ocr_line' id='line_1_16' title="bbox 103 495 794 520; baseline 0.006 -8"><span class='ocrx_word' id='word_1_141' title='bbox 103 495 158 512; x_wconf 85' lang='lat' dir='ltr'>etiam</span> <span class='ocrx_word' id='word_1_142' title='bbox 171 496 188 512; x_wconf 81' lang='lat' dir='ltr'>si</span> <span class='ocrx_word' id='word_1_143' title='bbox 201 496 244 513; x_wconf 81' lang='lat' dir='ltr'>haee</span> <span class='ocrx_word' id='word_1_144' title='bbox 258 502 328 518; x_wconf 80' lang='lat' dir='ltr'>quoque</span> <span class='ocrx_word' id='word_1_145' title='bbox 344 498 391 514; x_wconf 80' lang='lat' dir='ltr'>male</span> <span class='ocrx_word' id='word_1_146' title='bbox 408 500 478 520; x_wconf 79' lang='lat' dir='ltr'>reperta</span> <span class='ocrx_word' id='word_1_147' title='bbox 495 499 541 516; x_wconf 82' lang='lat' dir='ltr'>nihil</span> <span class='ocrx_word' id='word_1_148' title='bbox 555 500 603 516; x_wconf 71' lang='lat' dir='ltr'>vetat</span> <span class='ocrx_word' id='word_1_149' title='bbox 619 499 638 515; x_wconf 84' lang='lat' dir='ltr'>in</span> <span class='ocrx_word' id='word_1_150' title='bbox 655 499 737 516; x_wconf 80' lang='lat' dir='ltr'>meliores</span> <span class='ocrx_word' id='word_1_151' title='bbox 752 505 794 516; x_wconf 91' lang='lat' dir='ltr'>vsus</span> 
     </span>
     <span class='ocr_line' id='line_1_17' title="bbox 103 524 794 548; baseline 0.006 -8"><span class='ocrx_word' id='word_1_152' title='bbox 103 525 176 541; x_wconf 85' lang='lat' dir='ltr'>vertere.</span> <span class='ocrx_word' id='word_1_153' title='bbox 202 524 251 541; x_wconf 85' lang='lat' dir='ltr'>Illud</span> <span class='ocrx_word' id='word_1_154' title='bbox 260 524 325 542; x_wconf 83' lang='lat' dir='ltr'>salsius</span> <span class='ocrx_word' id='word_1_155' title='bbox 337 527 364 542; x_wconf 92' lang='lat' dir='ltr'>est</span> <span class='ocrx_word' id='word_1_156' title='bbox 373 532 427 548; x_wconf 85' lang='lat' dir='ltr'>quam</span> <span class='ocrx_word' id='word_1_157' title='bbox 438 527 529 548; x_wconf 79' lang='lat' dir='ltr'>argutius:</span> <span class='ocrx_word' id='word_1_158' title='bbox 544 527 572 544; x_wconf 77' lang='lat' dir='ltr'>‘Si</span> <span class='ocrx_word' id='word_1_159' title='bbox 581 527 623 544; x_wconf 73' lang='lat' dir='ltr'>felix</span> <span class='ocrx_word' id='word_1_160' title='bbox 635 533 670 544; x_wconf 85' lang='lat' dir='ltr'>non</span> <span class='ocrx_word' id='word_1_161' title='bbox 679 528 711 547; x_wconf 76' lang='lat' dir='ltr'>est,</span> <span class='ocrx_word' id='word_1_162' title='bbox 721 527 756 544; x_wconf 82' lang='lat' dir='ltr'>nisi</span> <span class='ocrx_word' id='word_1_163' title='bbox 765 528 794 544; x_wconf 82' lang='lat' dir='ltr'>eui</span> 
     </span>
     <span class='ocr_line' id='line_1_18' title="bbox 103 552 820 577; baseline 0.006 -9"><span class='ocrx_word' id='word_1_164' title='bbox 103 552 150 569; x_wconf 83' lang='lat' dir='ltr'>color</span> <span class='ocrx_word' id='word_1_165' title='bbox 158 553 185 569; x_wconf 80' lang='lat' dir='ltr'>est</span> <span class='ocrx_word' id='word_1_166' title='bbox 194 552 269 569; x_wconf 82' lang='lat' dir='ltr'>candido</span> <span class='ocrx_word' id='word_1_167' title='bbox 278 553 368 575; x_wconf 84' lang='lat' dir='ltr'>rubroque</span> <span class='ocrx_word' id='word_1_168' title='bbox 377 554 450 575; x_wconf 83' lang='lat' dir='ltr'>mixtus,</span> <span class='ocrx_word' id='word_1_169' title='bbox 459 555 521 572; x_wconf 87' lang='lat' dir='ltr'>nullus</span> <span class='ocrx_word' id='word_1_170' title='bbox 526 556 615 577; x_wconf 85' lang='lat' dir='ltr'>Aethiops</span> <span class='ocrx_word' id='word_1_171' title='bbox 623 555 678 572; x_wconf 79' lang='lat' dir='ltr'>felix.&#39;</span> <span class='ocrx_word' id='word_1_172' title='bbox 696 555 736 572; x_wconf 87' lang='lat' dir='ltr'>Non</span> <span class='ocrx_word' id='word_1_173' title='bbox 745 555 794 572; x_wconf 84' lang='lat' dir='ltr'>enim</span> <span class='ocrx_word' id='word_1_174' title='bbox 802 559 820 573; x_wconf 80' lang='lat'>90</span> 
     </span>
     <span class='ocr_line' id='line_1_19' title="bbox 103 580 794 605; baseline 0.004 -8"><span class='ocrx_word' id='word_1_175' title='bbox 103 580 189 597; x_wconf 87' lang='lat' dir='ltr'>continuo</span> <span class='ocrx_word' id='word_1_176' title='bbox 197 581 287 598; x_wconf 77' lang='lat' dir='ltr'>formosus</span> <span class='ocrx_word' id='word_1_177' title='bbox 296 581 377 603; x_wconf 88' lang='lat' dir='ltr'>quisquis</span> <span class='ocrx_word' id='word_1_178' title='bbox 385 582 418 599; x_wconf 85' lang='lat' dir='ltr'>hoc</span> <span class='ocrx_word' id='word_1_179' title='bbox 428 583 486 599; x_wconf 81' lang='lat' dir='ltr'>colore</span> <span class='ocrx_word' id='word_1_180' title='bbox 494 583 523 604; x_wconf 73' lang='lat' dir='ltr'>sit,</span> <span class='ocrx_word' id='word_1_181' title='bbox 533 589 590 605; x_wconf 83' lang='lat' dir='ltr'>neque</span> <span class='ocrx_word' id='word_1_182' title='bbox 599 583 693 605; x_wconf 82' lang='lat' dir='ltr'>quicquam</span> <span class='ocrx_word' id='word_1_183' title='bbox 701 584 750 600; x_wconf 83' lang='lat' dir='ltr'>vetat</span> <span class='ocrx_word' id='word_1_184' title='bbox 759 589 794 605; x_wconf 87' lang='lat' dir='ltr'>quo</span> 
     </span>
     <span class='ocr_line' id='line_1_20' title="bbox 103 608 793 633; baseline 0.004 -8"><span class='ocrx_word' id='word_1_185' title='bbox 103 608 164 625; x_wconf 86' lang='lat' dir='ltr'>minus</span> <span class='ocrx_word' id='word_1_186' title='bbox 172 609 261 631; x_wconf 84' lang='lat' dir='ltr'>Aethiops</span> <span class='ocrx_word' id='word_1_187' title='bbox 269 609 316 631; x_wconf 81' lang='lat' dir='ltr'>apud</span> <span class='ocrx_word' id='word_1_188' title='bbox 325 610 424 632; x_wconf 80' lang='lat' dir='ltr'>Aethiopes</span> <span class='ocrx_word' id='word_1_189' title='bbox 433 616 465 627; x_wconf 90' lang='lat' dir='ltr'>suo</span> <span class='ocrx_word' id='word_1_190' title='bbox 474 611 545 633; x_wconf 79' lang='lat' dir='ltr'>nigrore</span> <span class='ocrx_word' id='word_1_191' title='bbox 554 612 642 628; x_wconf 80' lang='lat' dir='ltr'>formosus</span> <span class='ocrx_word' id='word_1_192' title='bbox 650 611 679 628; x_wconf 90' lang='lat' dir='ltr'>sit.</span> <span class='ocrx_word' id='word_1_193' title='bbox 699 611 770 629; x_wconf 83' lang='lat' dir='ltr'>Christo</span> <span class='ocrx_word' id='word_1_194' title='bbox 779 612 793 628; x_wconf 95' lang='lat' dir='ltr'>si</span> 
     </span>
     <span class='ocr_line' id='line_1_21' title="bbox 102 637 793 661; baseline 0.004 -8"><span class='ocrx_word' id='word_1_195' title='bbox 102 637 149 653; x_wconf 85' lang='lat' dir='ltr'>nihil</span> <span class='ocrx_word' id='word_1_196' title='bbox 156 637 234 659; x_wconf 78' lang='lat' dir='ltr'>accessit,</span> <span class='ocrx_word' id='word_1_197' title='bbox 242 637 285 659; x_wconf 87' lang='lat' dir='ltr'>quid</span> <span class='ocrx_word' id='word_1_198' title='bbox 294 638 321 654; x_wconf 84' lang='lat' dir='ltr'>est</span> <span class='ocrx_word' id='word_1_199' title='bbox 330 638 386 659; x_wconf 84' lang='lat' dir='ltr'>igitur</span> <span class='ocrx_word' id='word_1_200' title='bbox 394 639 440 660; x_wconf 88' lang='lat' dir='ltr'>quod</span> <span class='ocrx_word' id='word_1_201' title='bbox 450 639 503 656; x_wconf 84' lang='lat' dir='ltr'>toties</span> <span class='ocrx_word' id='word_1_202' title='bbox 510 640 556 661; x_wconf 86' lang='lat' dir='ltr'>petit</span> <span class='ocrx_word' id='word_1_203' title='bbox 564 645 575 656; x_wconf 79' lang='lat' dir='ltr'>a</span> <span class='ocrx_word' id='word_1_204' title='bbox 583 639 650 656; x_wconf 75' lang='lat' dir='ltr'>Patre?</span> <span class='ocrx_word' id='word_1_205' title='bbox 662 640 705 661; x_wconf 87' lang='lat' dir='ltr'>quid</span> <span class='ocrx_word' id='word_1_206' title='bbox 714 641 741 656; x_wconf 88' lang='lat' dir='ltr'>est</span> <span class='ocrx_word' id='word_1_207' title='bbox 747 640 793 661; x_wconf 86' lang='lat' dir='ltr'>quod</span> 
     </span>
     <span class='ocr_line' id='line_1_22' title="bbox 102 665 627 687; baseline 0.004 -5"><span class='ocrx_word' id='word_1_208' title='bbox 102 665 189 687; x_wconf 81' lang='lat' dir='ltr'>gloriatur</span> <span class='ocrx_word' id='word_1_209' title='bbox 197 666 232 683; x_wconf 86' lang='lat' dir='ltr'>sibi</span> <span class='ocrx_word' id='word_1_210' title='bbox 240 665 300 683; x_wconf 73' lang='lat' dir='ltr'>datam</span> <span class='ocrx_word' id='word_1_211' title='bbox 308 667 418 687; x_wconf 81' lang='lat' dir='ltr'>potestatem</span> <span class='ocrx_word' id='word_1_212' title='bbox 426 667 445 684; x_wconf 91' lang='lat' dir='ltr'>in</span> <span class='ocrx_word' id='word_1_213' title='bbox 455 668 503 684; x_wconf 86' lang='lat' dir='ltr'>coelo</span> <span class='ocrx_word' id='word_1_214' title='bbox 512 669 530 684; x_wconf 89' lang='lat' dir='ltr'>et</span> <span class='ocrx_word' id='word_1_215' title='bbox 538 668 557 685; x_wconf 89' lang='lat' dir='ltr'>in</span> <span class='ocrx_word' id='word_1_216' title='bbox 566 668 627 684; x_wconf 74' lang='lat' dir='ltr'>terra?</span> 
     </span>
    </p>

    <p class='ocr_par' dir='ltr' id='par_1_3' title="bbox 100 693 818 828">
     <span class='ocr_line' id='line_1_23' title="bbox 125 693 818 717; baseline 0.003 -7"><span class='ocrx_word' id='word_1_217' title='bbox 125 693 159 710; x_wconf 86' lang='lat' dir='ltr'>Sed</span> <span class='ocrx_word' id='word_1_218' title='bbox 172 694 265 711; x_wconf 80' lang='lat' dir='ltr'>Christum</span> <span class='ocrx_word' id='word_1_219' title='bbox 279 694 322 711; x_wconf 88' lang='lat' dir='ltr'>huic</span> <span class='ocrx_word' id='word_1_220' title='bbox 335 694 457 716; x_wconf 76' lang='lat' dir='ltr'>disputationi,</span> <span class='ocrx_word' id='word_1_221' title='bbox 472 696 543 717; x_wconf 76' lang='lat' dir='ltr'>quando</span> <span class='ocrx_word' id='word_1_222' title='bbox 558 696 584 713; x_wconf 80' lang='lat' dir='ltr'>ita</span> <span class='ocrx_word' id='word_1_223' title='bbox 596 696 673 716; x_wconf 85' lang='lat' dir='ltr'>videtur,</span> <span class='ocrx_word' id='word_1_224' title='bbox 686 702 721 712; x_wconf 92' lang='lat' dir='ltr'>non</span> <span class='ocrx_word' id='word_1_225' title='bbox 739 696 794 712; x_wconf 80' lang='lat' dir='ltr'>adrni-</span> <span class='ocrx_word' id='word_1_226' title='bbox 801 698 818 712; x_wconf 84' lang='lat'>95</span> 
     </span>
     <span class='ocr_line' id='line_1_24' title="bbox 101 722 793 745; baseline 0.003 -7"><span class='ocrx_word' id='word_1_227' title='bbox 101 727 184 739; x_wconf 80' lang='lat' dir='ltr'>seeamus.</span> <span class='ocrx_word' id='word_1_228' title='bbox 211 722 261 743; x_wconf 78' lang='lat' dir='ltr'>Quod</span> <span class='ocrx_word' id='word_1_229' title='bbox 270 723 367 744; x_wconf 83' lang='lat' dir='ltr'>Apostolos</span> <span class='ocrx_word' id='word_1_230' title='bbox 378 729 465 745; x_wconf 79' lang='lat' dir='ltr'>pauperes</span> <span class='ocrx_word' id='word_1_231' title='bbox 477 730 514 741; x_wconf 77' lang='lat' dir='ltr'>esse</span> <span class='ocrx_word' id='word_1_232' title='bbox 523 724 586 745; x_wconf 74' lang='lat' dir='ltr'>voluit,</span> <span class='ocrx_word' id='word_1_233' title='bbox 596 729 633 741; x_wconf 83' lang='lat' dir='ltr'>non</span> <span class='ocrx_word' id='word_1_234' title='bbox 643 724 694 740; x_wconf 84' lang='lat' dir='ltr'>docet</span> <span class='ocrx_word' id='word_1_235' title='bbox 703 729 744 745; x_wconf 89' lang='lat' dir='ltr'>opes</span> <span class='ocrx_word' id='word_1_236' title='bbox 756 729 793 740; x_wconf 86' lang='lat' dir='ltr'>esse</span> 
     </span>
     <span class='ocr_line' id='line_1_25' title="bbox 101 750 791 773; baseline 0.001 -6"><span class='ocrx_word' id='word_1_237' title='bbox 101 750 162 771; x_wconf 79' lang='lat' dir='ltr'>maias,</span> <span class='ocrx_word' id='word_1_238' title='bbox 172 751 202 767; x_wconf 82' lang='lat' dir='ltr'>sed</span> <span class='ocrx_word' id='word_1_239' title='bbox 211 750 270 767; x_wconf 83' lang='lat' dir='ltr'>noluit</span> <span class='ocrx_word' id='word_1_240' title='bbox 278 751 374 772; x_wconf 80' lang='lat' dir='ltr'>Euangelii</span> <span class='ocrx_word' id='word_1_241' title='bbox 386 752 461 773; x_wconf 80' lang='lat' dir='ltr'>gloriam</span> <span class='ocrx_word' id='word_1_242' title='bbox 473 752 526 769; x_wconf 85' lang='lat' dir='ltr'>huius</span> <span class='ocrx_word' id='word_1_243' title='bbox 538 752 602 769; x_wconf 85' lang='lat' dir='ltr'>mundi</span> <span class='ocrx_word' id='word_1_244' title='bbox 610 752 704 773; x_wconf 80' lang='lat' dir='ltr'>praesidiis</span> <span class='ocrx_word' id='word_1_245' title='bbox 712 752 791 769; x_wconf 76' lang='lat' dir='ltr'>asscribi.</span> 
     </span>
     <span class='ocr_line' id='line_1_26' title="bbox 101 777 793 801; baseline 0.001 -6"><span class='ocrx_word' id='word_1_246' title='bbox 101 777 137 795; x_wconf 79' lang='lat' dir='ltr'>Nec</span> <span class='ocrx_word' id='word_1_247' title='bbox 154 778 223 795; x_wconf 83' lang='lat' dir='ltr'>inficior</span> <span class='ocrx_word' id='word_1_248' title='bbox 235 784 287 800; x_wconf 77' lang='lat' dir='ltr'>saepe</span> <span class='ocrx_word' id='word_1_249' title='bbox 303 779 381 796; x_wconf 77' lang='lat' dir='ltr'>incidere</span> <span class='ocrx_word' id='word_1_250' title='bbox 393 781 413 796; x_wconf 75' lang='lat' dir='ltr'>vt</span> <span class='ocrx_word' id='word_1_251' title='bbox 425 780 468 797; x_wconf 83' lang='lat' dir='ltr'>haec</span> <span class='ocrx_word' id='word_1_252' title='bbox 485 780 522 797; x_wconf 84' lang='lat' dir='ltr'>sint</span> <span class='ocrx_word' id='word_1_253' title='bbox 534 780 637 800; x_wconf 82' lang='lat' dir='ltr'>abiicienda,</span> <span class='ocrx_word' id='word_1_254' title='bbox 651 780 667 796; x_wconf 89' lang='lat' dir='ltr'>si</span> <span class='ocrx_word' id='word_1_255' title='bbox 681 780 700 796; x_wconf 92' lang='lat' dir='ltr'>id</span> <span class='ocrx_word' id='word_1_256' title='bbox 714 780 793 801; x_wconf 86' lang='lat' dir='ltr'>postulet</span> 
     </span>
     <span class='ocr_line' id='line_1_27' title="bbox 100 806 161 828; baseline 0.016 -5"><span class='ocrx_word' id='word_1_257' title='bbox 100 806 161 828; x_wconf 78' lang='lat' dir='ltr'>pietas.</span> 
     </span>
    </p>

    <p class='ocr_par' dir='ltr' id='par_1_4' title="bbox 100 835 825 999">
     <span class='ocr_line' id='line_1_28' title="bbox 123 835 824 858; baseline 0.003 -7"><span class='ocrx_word' id='word_1_258' title='bbox 123 835 176 852; x_wconf 87' lang='lat' dir='ltr'>Nunc</span> <span class='ocrx_word' id='word_1_259' title='bbox 185 835 231 852; x_wconf 89' lang='lat' dir='ltr'>mihi</span> <span class='ocrx_word' id='word_1_260' title='bbox 240 835 321 852; x_wconf 83' lang='lat' dir='ltr'>vicissim</span> <span class='ocrx_word' id='word_1_261' title='bbox 333 836 425 858; x_wconf 82' lang='lat' dir='ltr'>responde.</span> <span class='ocrx_word' id='word_1_262' title='bbox 452 836 471 853; x_wconf 77' lang='lat' dir='ltr'>Si</span> <span class='ocrx_word' id='word_1_263' title='bbox 479 836 523 853; x_wconf 80' lang='lat' dir='ltr'>haec</span> <span class='ocrx_word' id='word_1_264' title='bbox 531 836 578 853; x_wconf 80' lang='lat' dir='ltr'>bona</span> <span class='ocrx_word' id='word_1_265' title='bbox 586 842 623 853; x_wconf 86' lang='lat' dir='ltr'>nou</span> <span class='ocrx_word' id='word_1_266' title='bbox 633 837 680 857; x_wconf 89' lang='lat' dir='ltr'>sunt,</span> <span class='ocrx_word' id='word_1_267' title='bbox 690 842 725 858; x_wconf 80' lang='lat' dir='ltr'>qua</span> <span class='ocrx_word' id='word_1_268' title='bbox 733 836 792 853; x_wconf 81' lang='lat' dir='ltr'>fronte</span> <span class='ocrx_word' id='word_1_269' title='bbox 802 841 824 851; x_wconf 74' lang='grc' dir='ltr'>ιο(</span> 
     </span>
     <span class='ocr_line' id='line_1_29' title="bbox 101 863 793 887; baseline 0.001 -7"><span class='ocrx_word' id='word_1_270' title='bbox 101 869 121 880; x_wconf 84' lang='lat' dir='ltr'>ea</span> <span class='ocrx_word' id='word_1_271' title='bbox 128 863 205 885; x_wconf 82' lang='lat' dir='ltr'>publicis</span> <span class='ocrx_word' id='word_1_272' title='bbox 216 865 271 881; x_wconf 81' lang='lat' dir='ltr'>etiam</span> <span class='ocrx_word' id='word_1_273' title='bbox 279 864 362 886; x_wconf 86' lang='lat' dir='ltr'>precibus</span> <span class='ocrx_word' id='word_1_274' title='bbox 374 865 475 886; x_wconf 81' lang='lat' dir='ltr'>flagitamus</span> <span class='ocrx_word' id='word_1_275' title='bbox 484 865 506 882; x_wconf 80' lang='lat' dir='ltr'>ab</span> <span class='ocrx_word' id='word_1_276' title='bbox 515 871 536 882; x_wconf 79' lang='lat' dir='ltr'>eo</span> <span class='ocrx_word' id='word_1_277' title='bbox 545 865 576 887; x_wconf 86' lang='lat' dir='ltr'>qui</span> <span class='ocrx_word' id='word_1_278' title='bbox 587 865 634 882; x_wconf 85' lang='lat' dir='ltr'>nihil</span> <span class='ocrx_word' id='word_1_279' title='bbox 642 865 704 886; x_wconf 80' lang='lat' dir='ltr'>largiri</span> <span class='ocrx_word' id='word_1_280' title='bbox 712 870 744 881; x_wconf 83' lang='lat' dir='ltr'>nec</span> <span class='ocrx_word' id='word_1_281' title='bbox 753 864 793 881; x_wconf 81' lang='lat' dir='ltr'>vult</span> 
     </span>
     <span class='ocr_line' id='line_1_30' title="bbox 101 892 793 914; baseline 0.001 -6"><span class='ocrx_word' id='word_1_282' title='bbox 101 897 132 908; x_wconf 83' lang='lat' dir='ltr'>nec</span> <span class='ocrx_word' id='word_1_283' title='bbox 144 893 202 914; x_wconf 81' lang='lat' dir='ltr'>potest</span> <span class='ocrx_word' id='word_1_284' title='bbox 214 892 250 909; x_wconf 90' lang='lat' dir='ltr'>nisi</span> <span class='ocrx_word' id='word_1_285' title='bbox 258 892 320 909; x_wconf 78' lang='lat' dir='ltr'>bona?</span> <span class='ocrx_word' id='word_1_286' title='bbox 343 893 398 910; x_wconf 85' lang='lat' dir='ltr'>Absit</span> <span class='ocrx_word' id='word_1_287' title='bbox 410 894 469 910; x_wconf 79' lang='lat' dir='ltr'>autem</span> <span class='ocrx_word' id='word_1_288' title='bbox 478 894 498 910; x_wconf 89' lang='lat' dir='ltr'>vt</span> <span class='ocrx_word' id='word_1_289' title='bbox 510 893 591 910; x_wconf 81' lang='lat' dir='ltr'>dicamus</span> <span class='ocrx_word' id='word_1_290' title='bbox 603 893 677 910; x_wconf 85' lang='lat' dir='ltr'>miseros</span> <span class='ocrx_word' id='word_1_291' title='bbox 686 893 716 914; x_wconf 86' lang='lat' dir='ltr'>qui</span> <span class='ocrx_word' id='word_1_292' title='bbox 725 893 793 909; x_wconf 85' lang='lat' dir='ltr'>virtute</span> 
     </span>
     <span class='ocr_line' id='line_1_31' title="bbox 100 920 793 942; baseline 0 -5"><span class='ocrx_word' id='word_1_293' title='bbox 100 920 176 941; x_wconf 76' lang='lat' dir='ltr'>praediti</span> <span class='ocrx_word' id='word_1_294' title='bbox 188 922 241 942; x_wconf 74' lang='lat' dir='ltr'>sunt;</span> <span class='ocrx_word' id='word_1_295' title='bbox 258 920 295 937; x_wconf 85' lang='lat' dir='ltr'>imo</span> <span class='ocrx_word' id='word_1_296' title='bbox 307 921 421 938; x_wconf 77' lang='lat' dir='ltr'>felicissimos</span> <span class='ocrx_word' id='word_1_297' title='bbox 434 921 516 942; x_wconf 75' lang='lat' dir='ltr'>dicimus,</span> <span class='ocrx_word' id='word_1_298' title='bbox 530 922 559 938; x_wconf 88' lang='lat' dir='ltr'>sed</span> <span class='ocrx_word' id='word_1_299' title='bbox 575 921 717 939; x_wconf 83' lang='lat' dir='ltr'>consummatius</span> <span class='ocrx_word' id='word_1_300' title='bbox 731 921 793 938; x_wconf 79' lang='lat' dir='ltr'>felices</span> 
     </span>
     <span class='ocr_line' id='line_1_32' title="bbox 100 948 792 971; baseline 0.001 -6"><span class='ocrx_word' id='word_1_301' title='bbox 100 948 164 970; x_wconf 86' lang='lat' dir='ltr'>quibus</span> <span class='ocrx_word' id='word_1_302' title='bbox 176 949 219 966; x_wconf 82' lang='lat' dir='ltr'>haec</span> <span class='ocrx_word' id='word_1_303' title='bbox 231 948 297 966; x_wconf 77' lang='lat' dir='ltr'>adsunt</span> <span class='ocrx_word' id='word_1_304' title='bbox 310 949 339 965; x_wconf 88' lang='lat' dir='ltr'>vel</span> <span class='ocrx_word' id='word_1_305' title='bbox 352 950 414 970; x_wconf 88' lang='lat' dir='ltr'>sponte</span> <span class='ocrx_word' id='word_1_306' title='bbox 428 949 487 966; x_wconf 76' lang='lat' dir='ltr'>oblata</span> <span class='ocrx_word' id='word_1_307' title='bbox 498 950 527 966; x_wconf 83' lang='lat' dir='ltr'>vel</span> <span class='ocrx_word' id='word_1_308' title='bbox 540 955 582 966; x_wconf 86' lang='lat' dir='ltr'>cum</span> <span class='ocrx_word' id='word_1_309' title='bbox 595 949 646 966; x_wconf 80' lang='lat' dir='ltr'>laude</span> <span class='ocrx_word' id='word_1_310' title='bbox 659 949 743 971; x_wconf 78' lang='lat' dir='ltr'>quaesita,</span> <span class='ocrx_word' id='word_1_311' title='bbox 756 949 792 966; x_wconf 76' lang='lat' dir='ltr'>nisi</span> 
     </span>
     <span class='ocr_line' id='line_1_33' title="bbox 100 977 825 999; baseline 0.004 -5"><span class='ocrx_word' id='word_1_312' title='bbox 100 977 142 999; x_wconf 82' lang='lat' dir='ltr'>quid</span> <span class='ocrx_word' id='word_1_313' title='bbox 149 983 199 994; x_wconf 86' lang='lat' dir='ltr'>secus</span> <span class='ocrx_word' id='word_1_314' title='bbox 206 977 286 999; x_wconf 87' lang='lat' dir='ltr'>postulet</span> <span class='ocrx_word' id='word_1_315' title='bbox 295 977 382 999; x_wconf 83' lang='lat' dir='ltr'>temporis</span> <span class='ocrx_word' id='word_1_316' title='bbox 390 977 440 994; x_wconf 81' lang='lat' dir='ltr'>ratio.</span> <span class='ocrx_word' id='word_1_317' title='bbox 801 983 825 997; x_wconf 79' lang='lat'>¹05</span> 
     </span>
    </p>

    <p class='ocr_par' dir='ltr' id='par_1_5' title="bbox 97 1005 825 1197">
     <span class='ocr_line' id='line_1_34' title="bbox 123 1005 792 1028; baseline 0 -6"><span class='ocrx_word' id='word_1_318' title='bbox 123 1005 208 1022; x_wconf 84' lang='lat' dir='ltr'>Desinam</span> <span class='ocrx_word' id='word_1_319' title='bbox 220 1005 344 1028; x_wconf 80' lang='lat' dir='ltr'>philosophari</span> <span class='ocrx_word' id='word_1_320' title='bbox 354 1005 370 1022; x_wconf 96' lang='lat' dir='ltr'>si</span> <span class='ocrx_word' id='word_1_321' title='bbox 379 1005 400 1022; x_wconf 82' lang='lat' dir='ltr'>R.</span> <span class='ocrx_word' id='word_1_322' title='bbox 411 1006 430 1022; x_wconf 88' lang='lat' dir='ltr'>T.</span> <span class='ocrx_word' id='word_1_323' title='bbox 438 1005 459 1022; x_wconf 95' lang='lat' dir='ltr'>D.</span> <span class='ocrx_word' id='word_1_324' title='bbox 470 1005 502 1022; x_wconf 85' lang='lat' dir='ltr'>vni</span> <span class='ocrx_word' id='word_1_325' title='bbox 511 1006 566 1022; x_wconf 80' lang='lat' dir='ltr'>etiam</span> <span class='ocrx_word' id='word_1_326' title='bbox 577 1005 710 1027; x_wconf 79' lang='lat' dir='ltr'>rogatiunculae</span> <span class='ocrx_word' id='word_1_327' title='bbox 722 1011 792 1027; x_wconf 82' lang='lat' dir='ltr'>respon-</span> 
     </span>
     <span class='ocr_line' id='line_1_35' title="bbox 100 1033 789 1056; baseline 0 -6"><span class='ocrx_word' id='word_1_328' title='bbox 100 1033 150 1051; x_wconf 81' lang='lat' dir='ltr'>derit.</span> <span class='ocrx_word' id='word_1_329' title='bbox 177 1034 232 1056; x_wconf 81' lang='lat' dir='ltr'>Finge</span> <span class='ocrx_word' id='word_1_330' title='bbox 244 1033 289 1051; x_wconf 84' lang='lat' dir='ltr'>mihi</span> <span class='ocrx_word' id='word_1_331' title='bbox 300 1034 350 1055; x_wconf 78' lang='lat' dir='ltr'>duos,</span> <span class='ocrx_word' id='word_1_332' title='bbox 359 1033 436 1050; x_wconf 80' lang='lat' dir='ltr'>alterum</span> <span class='ocrx_word' id='word_1_333' title='bbox 446 1034 503 1051; x_wconf 75' lang='lat' dir='ltr'>forma</span> <span class='ocrx_word' id='word_1_334' title='bbox 512 1034 612 1054; x_wconf 86' lang='lat' dir='ltr'>Thersiten,</span> <span class='ocrx_word' id='word_1_335' title='bbox 621 1034 725 1055; x_wconf 81' lang='lat' dir='ltr'>paupertate</span> <span class='ocrx_word' id='word_1_336' title='bbox 733 1033 789 1054; x_wconf 85' lang='lat' dir='ltr'>Imm,</span> 
     </span>
     <span class='ocr_line' id='line_1_36' title="bbox 99 1061 789 1084; baseline -0.001 -5"><span class='ocrx_word' id='word_1_337' title='bbox 99 1062 202 1079; x_wconf 80' lang='lat' dir='ltr'>valetudine</span> <span class='ocrx_word' id='word_1_338' title='bbox 210 1062 319 1083; x_wconf 74' lang='lat' dir='ltr'>miserrima,</span> <span class='ocrx_word' id='word_1_339' title='bbox 326 1062 389 1084; x_wconf 76' lang='lat' dir='ltr'>lingua</span> <span class='ocrx_word' id='word_1_340' title='bbox 397 1061 454 1083; x_wconf 74' lang='lat' dir='ltr'>balba,</span> <span class='ocrx_word' id='word_1_341' title='bbox 462 1062 512 1079; x_wconf 77' lang='lat' dir='ltr'>futili</span> <span class='ocrx_word' id='word_1_342' title='bbox 520 1062 612 1082; x_wconf 81' lang='lat' dir='ltr'>memoria,</span> <span class='ocrx_word' id='word_1_343' title='bbox 619 1061 691 1083; x_wconf 78' lang='lat' dir='ltr'>ingenio</span> <span class='ocrx_word' id='word_1_344' title='bbox 700 1061 789 1083; x_wconf 75' lang='lat' dir='ltr'>plumbeo,</span> 
     </span>
     <span class='ocr_line' id='line_1_37' title="bbox 98 1090 792 1112; baseline -0.001 -5"><span class='ocrx_word' id='word_1_345' title='bbox 98 1096 162 1112; x_wconf 79' lang='lat' dir='ltr'>genere</span> <span class='ocrx_word' id='word_1_346' title='bbox 175 1091 264 1112; x_wconf 79' lang='lat' dir='ltr'>pudendo,</span> <span class='ocrx_word' id='word_1_347' title='bbox 278 1090 360 1106; x_wconf 83' lang='lat' dir='ltr'>inuisum</span> <span class='ocrx_word' id='word_1_348' title='bbox 374 1090 464 1111; x_wconf 80' lang='lat' dir='ltr'>omuibus,</span> <span class='ocrx_word' id='word_1_349' title='bbox 478 1090 554 1110; x_wconf 80' lang='lat' dir='ltr'>exulem,</span> <span class='ocrx_word' id='word_1_350' title='bbox 568 1090 644 1111; x_wconf 81' lang='lat' dir='ltr'>denique</span> <span class='ocrx_word' id='word_1_351' title='bbox 658 1095 720 1106; x_wconf 76' lang='lat' dir='ltr'>senem</span> <span class='ocrx_word' id='word_1_352' title='bbox 735 1090 792 1106; x_wconf 69' lang='lat' dir='ltr'>decre-</span> 
     </span>
     <span class='ocr_line' id='line_1_38' title="bbox 98 1118 825 1140; baseline -0.001 -5"><span class='ocrx_word' id='word_1_353' title='bbox 98 1118 168 1140; x_wconf 81' lang='lat' dir='ltr'>pitum;</span> <span class='ocrx_word' id='word_1_354' title='bbox 181 1119 259 1135; x_wconf 80' lang='lat' dir='ltr'>alterum</span> <span class='ocrx_word' id='word_1_355' title='bbox 270 1118 338 1135; x_wconf 86' lang='lat' dir='ltr'>virenti</span> <span class='ocrx_word' id='word_1_356' title='bbox 351 1119 412 1139; x_wconf 71' lang='lat' dir='ltr'>aetate,</span> <span class='ocrx_word' id='word_1_357' title='bbox 424 1118 492 1135; x_wconf 79' lang='lat' dir='ltr'>formae</span> <span class='ocrx_word' id='word_1_358' title='bbox 505 1118 593 1140; x_wconf 81' lang='lat' dir='ltr'>dignitate</span> <span class='ocrx_word' id='word_1_359' title='bbox 604 1118 732 1138; x_wconf 80' lang='lat' dir='ltr'>venerandum,</span> <span class='ocrx_word' id='word_1_360' title='bbox 742 1118 790 1135; x_wconf 77' lang='lat' dir='ltr'>felici</span> <span class='ocrx_word' id='word_1_361' title='bbox 800 1124 825 1134; x_wconf 82' lang='lat'>110</span> 
     </span>
     <span class='ocr_line' id='line_1_39' title="bbox 98 1146 790 1168; baseline -0.001 -4"><span class='ocrx_word' id='word_1_362' title='bbox 98 1147 205 1167; x_wconf 80' lang='lat' dir='ltr'>valetudine,</span> <span class='ocrx_word' id='word_1_363' title='bbox 215 1147 278 1168; x_wconf 71' lang='lat' dir='ltr'>lingua</span> <span class='ocrx_word' id='word_1_364' title='bbox 286 1146 343 1163; x_wconf 75' lang='lat' dir='ltr'>vocali</span> <span class='ocrx_word' id='word_1_365' title='bbox 355 1147 373 1163; x_wconf 88' lang='lat' dir='ltr'>et</span> <span class='ocrx_word' id='word_1_366' title='bbox 384 1146 472 1168; x_wconf 81' lang='lat' dir='ltr'>expedita,</span> <span class='ocrx_word' id='word_1_367' title='bbox 482 1146 569 1163; x_wconf 80' lang='lat' dir='ltr'>memoria</span> <span class='ocrx_word' id='word_1_368' title='bbox 578 1146 631 1166; x_wconf 77' lang='lat' dir='ltr'>fideli,</span> <span class='ocrx_word' id='word_1_369' title='bbox 641 1146 713 1168; x_wconf 78' lang='lat' dir='ltr'>iugenio</span> <span class='ocrx_word' id='word_1_370' title='bbox 722 1146 790 1167; x_wconf 76' lang='lat' dir='ltr'>dextro,</span> 
     </span>
     <span class='ocr_line' id='line_1_40' title="bbox 97 1174 791 1197; baseline -0.001 -5"><span class='ocrx_word' id='word_1_371' title='bbox 97 1176 190 1197; x_wconf 85' lang='lat' dir='ltr'>potentem</span> <span class='ocrx_word' id='word_1_372' title='bbox 199 1175 267 1197; x_wconf 73' lang='lat' dir='ltr'>opibus,</span> <span class='ocrx_word' id='word_1_373' title='bbox 278 1174 346 1191; x_wconf 75' lang='lat' dir='ltr'>clarum</span> <span class='ocrx_word' id='word_1_374' title='bbox 354 1175 450 1195; x_wconf 80' lang='lat' dir='ltr'>natalibus,</span> <span class='ocrx_word' id='word_1_375' title='bbox 459 1175 550 1196; x_wconf 57' lang='lat' dir='ltr'>postremo</span> <span class='ocrx_word' id='word_1_376' title='bbox 559 1180 629 1191; x_wconf 84' lang='lat' dir='ltr'>summa</span> <span class='ocrx_word' id='word_1_377' title='bbox 637 1174 725 1196; x_wconf 80' lang='lat' dir='ltr'>dignitate</span> <span class='ocrx_word' id='word_1_378' title='bbox 733 1175 791 1196; x_wconf 86' lang='lat' dir='ltr'>suspi-</span> 
     </span>
    </p>

    <p class='ocr_par' dir='ltr' id='par_1_6' title="bbox 117 1216 790 1235">
     <span class='ocr_line' id='line_1_41' title="bbox 117 1216 790 1235; baseline -0.001 -4"><span class='ocrx_word' id='word_1_379' title='bbox 117 1222 139 1235; x_wconf 87' lang='lat'>77.</span> <span class='ocrx_word' id='word_1_380' title='bbox 150 1219 163 1231; x_wconf 71' lang='lat' dir='ltr'><em>F</em></span> <span class='ocrx_word' id='word_1_381' title='bbox 170 1223 173 1231; x_wconf 78' lang='lat' dir='ltr'><strong><em>z</em></strong></span> <span class='ocrx_word' id='word_1_382' title='bbox 184 1218 233 1231; x_wconf 75' lang='lat' dir='ltr'>dilata</span> <span class='ocrx_word' id='word_1_383' title='bbox 239 1218 256 1231; x_wconf 81' lang='lat' dir='ltr'>E.</span> <span class='ocrx_word' id='word_1_384' title='bbox 305 1221 328 1234; x_wconf 78' lang='lat'>92.</span> <span class='ocrx_word' id='word_1_385' title='bbox 339 1218 361 1231; x_wconf 80' lang='lat' dir='ltr'>F:</span> <span class='ocrx_word' id='word_1_386' title='bbox 371 1217 392 1231; x_wconf 71' lang='lat' dir='ltr'>sit</span> <span class='ocrx_word' id='word_1_387' title='bbox 398 1216 465 1234; x_wconf 71' lang='lat' dir='ltr'>Christo,</span> <span class='ocrx_word' id='word_1_388' title='bbox 472 1216 485 1230; x_wconf 85' lang='lat' dir='ltr'>si</span> <span class='ocrx_word' id='word_1_389' title='bbox 492 1216 534 1231; x_wconf 78' lang='lat' dir='ltr'>nihil</span> <span class='ocrx_word' id='word_1_390' title='bbox 541 1217 610 1231; x_wconf 61' lang='lat' dir='ltr'>accessit.</span> <span class='ocrx_word' id='word_1_391' title='bbox 629 1217 667 1234; x_wconf 82' lang='lat' dir='ltr'>quid</span> <span class='ocrx_word' id='word_1_392' title='bbox 675 1218 692 1231; x_wconf 67' lang='lat' dir='ltr'>E,</span> <span class='ocrx_word' id='word_1_393' title='bbox 740 1221 763 1234; x_wconf 70' lang='lat'>94.</span> <span class='ocrx_word' id='word_1_394' title='bbox 775 1218 790 1231; x_wconf 75' lang='lat' dir='ltr'>st</span> 
     </span>
    </p>
   </div>
   <div class='ocr_carea' id='block_1_3' title="bbox 97 1236 790 1273">
    <p class='ocr_par' dir='ltr' id='par_1_7' title="bbox 97 1236 790 1273">
     <span class='ocr_line' id='line_1_42' title="bbox 97 1236 790 1253; baseline -0.001 -3"><span class='ocrx_word' id='word_1_395' title='bbox 97 1236 115 1250; x_wconf 88' lang='lat' dir='ltr'>in</span> <span class='ocrx_word' id='word_1_396' title='bbox 122 1236 154 1250; x_wconf 67' lang='lat' dir='ltr'>EN&#39;</span> <span class='ocrx_word' id='word_1_397' title='bbox 160 1242 164 1250; x_wconf 72' lang='lat' dir='ltr'>z</span> <span class='ocrx_word' id='word_1_398' title='bbox 174 1238 190 1250; x_wconf 80' lang='lat' dir='ltr'>et</span> <span class='ocrx_word' id='word_1_399' title='bbox 196 1236 235 1250; x_wconf 58' lang='lat' dir='ltr'>fflfl.</span> <span class='ocrx_word' id='word_1_400' title='bbox 286 1236 317 1250; x_wconf 76' lang='lat'><strong>106.</strong></span> <span class='ocrx_word' id='word_1_401' title='bbox 328 1236 346 1249; x_wconf 77' lang='lat' dir='ltr'>R.</span> <span class='ocrx_word' id='word_1_402' title='bbox 354 1236 371 1249; x_wconf 86' lang='lat' dir='ltr'>T.</span> <span class='ocrx_word' id='word_1_403' title='bbox 379 1236 398 1249; x_wconf 89' lang='lat' dir='ltr'>D.</span> <span class='ocrx_word' id='word_1_404' title='bbox 406 1240 432 1250; x_wconf 67' lang='lat' dir='ltr'>arm,</span> <span class='ocrx_word' id='word_1_405' title='bbox 439 1237 458 1250; x_wconf 82' lang='lat' dir='ltr'>H.</span> <span class='ocrx_word' id='word_1_406' title='bbox 497 1236 595 1253; x_wconf 74' lang='lat' dir='ltr'>responderis</span> <span class='ocrx_word' id='word_1_407' title='bbox 601 1237 620 1250; x_wconf 81' lang='grc' dir='ltr'>Η,</span> <span class='ocrx_word' id='word_1_408' title='bbox 666 1240 697 1253; x_wconf 83' lang='lat'>¹⁰7-</span> <span class='ocrx_word' id='word_1_409' title='bbox 708 1236 790 1250; x_wconf 62' lang='lat' dir='ltr'>Thersiten</span> 
     </span>
     <span class='ocr_line' id='line_1_43' title="bbox 97 1255 389 1273; baseline -0.003 -4"><span class='ocrx_word' id='word_1_410' title='bbox 97 1257 146 1273; x_wconf 65' lang='lat' dir='ltr'>‹sor-ipsi</span> <span class='ocrx_word' id='word_1_411' title='bbox 152 1261 155 1269; x_wconf 94' lang='lat'>:</span> <span class='ocrx_word' id='word_1_412' title='bbox 165 1256 237 1269; x_wconf 62' lang='lat' dir='ltr'>Thersite</span> <span class='ocrx_word' id='word_1_413' title='bbox 244 1256 257 1269; x_wconf 78' lang='lat' dir='ltr'><em>E</em></span> <span class='ocrx_word' id='word_1_414' title='bbox 262 1260 266 1268; x_wconf 71' lang='grc' dir='ltr'>ε</span> <span class='ocrx_word' id='word_1_415' title='bbox 276 1255 363 1268; x_wconf 66' lang='lat' dir='ltr'>Thersiten:</span> <span class='ocrx_word' id='word_1_416' title='bbox 370 1256 389 1268; x_wconf 82' lang='grc' dir='ltr'>Η.</span> 
     </span>
    </p>
   </div>
   <div class='ocr_carea' id='block_1_4' title="bbox 97 1285 227 1287">
    <p class='ocr_par' dir='ltr' id='par_1_8' title="bbox 97 1285 227 1287">
     <span class='ocr_line' id='line_1_44' title="bbox 97 1285 227 1287; baseline 0 0"><span class='ocrx_word' id='word_1_417' title='bbox 97 1285 227 1287; x_wconf 95' lang='lat' dir='ltr'> </span> 
     </span>
    </p>
   </div>
   <div class='ocr_carea' id='block_1_5' title="bbox 348 1293 556 1311">
    <p class='ocr_par' dir='ltr' id='par_1_9' title="bbox 348 1293 556 1311">
     <span class='ocr_line' id='line_1_45' title="bbox 348 1293 556 1311; baseline 0 -4"><span class='ocrx_word' id='word_1_418' title='bbox 348 1294 372 1311; x_wconf 73' lang='lat'>⁸9.</span> <span class='ocrx_word' id='word_1_419' title='bbox 383 1293 467 1311; x_wconf 77' lang='lat' dir='ltr'>111ud]Ep.</span> <span class='ocrx_word' id='word_1_420' title='bbox 474 1293 506 1311; x_wconf 62' lang='lat'>953&gt;</span> <span class='ocrx_word' id='word_1_421' title='bbox 514 1294 556 1311; x_wconf 73' lang='lat'>56-8.</span> 
     </span>
    </p>
   </div>
  </div>
 </body>
</html>
