825 1433
96 72 131 89 368
295 73 401 90 LETTERS
418 73 448 90 OF
464 73 578 90 ERASMUS
724 72 779 96 [1518

95 118 177 134 sancita?
189 123 231 134 nam
244 118 261 134 et
274 117 307 134 hoc
320 123 356 134 non
369 123 408 134 raro
420 124 453 135 vsu
466 118 520 135 venit.
546 118 572 134 Ne
585 117 675 134 damnaris
688 117 735 139 quod
748 123 780 139 pro

61 151 87 164 230
95 151 127 162 suo
136 145 192 162 officio
201 146 265 166 gerunt
272 146 366 167 principes.
391 147 417 162 At
425 152 502 166 rursum,
511 146 548 163 noli
557 145 678 162 contaminare
685 145 779 162 coelestem

95 173 145 190 illam
156 173 223 190 Christi
235 173 368 195 philosophiam
381 174 465 191 humanis
478 174 557 191 decretis.
583 174 653 190 Maneat
665 173 748 190 Christus
761 174 778 191 id

96 202 142 222 quod
153 202 186 222 est,
196 202 282 222 centrum,
295 202 415 219 ambientibus
427 202 498 219 circulis
511 202 584 223 aliquot.
610 201 651 218 Noli
662 207 736 223 scopum
747 207 779 219 suo

96 235 166 246 monere
176 229 219 246 loco.
244 230 278 250 Qui
289 230 366 251 proximi
376 230 448 247 Christo
459 231 507 250 sunt,
518 230 622 250 sacerdotes,
632 230 715 251 episcopi,
725 230 779 246 cardi-

95 258 149 278 nales,
166 258 262 279 pontifices,
279 259 297 275 et
313 264 389 280 quorum
406 260 432 275 est
449 259 499 280 sequi
518 259 593 280 Agnum
609 264 715 279 quocunque
731 258 777 279 iet-it,

59 292 85 305 ²³5
95 286 209 307 purissimam
220 286 271 302 illam
282 287 350 307 partem
361 287 495 307 amplectantur,
506 288 524 303 et
534 286 592 308 quoad
604 286 645 302 licet
656 286 676 302 in
688 286 778 307 proximos

94 314 226 331 transfundant.
241 314 332 331 Secundus
339 314 415 331 circulus
422 315 485 331 haheat
492 314 581 336 principes
588 314 694 335 prophanos,
702 320 777 335 quorum

94 348 143 358 arma
151 342 232 363 legesque
240 348 273 359 suo
284 342 360 364 quodam
372 343 424 359 modo
436 342 507 359 Christo
519 342 612 362 seruiunt;
624 342 661 358 siue
671 342 714 358 dum
726 342 778 359 iustis

94 370 146 386 bellis
158 370 253 392 profligant
263 370 332 386 hostem
346 371 471 392 publicamque
483 371 556 387 tuentur
570 370 725 391 tranquillitatem,
739 370 777 387 siue

94 398 136 414 dum
148 398 232 419 legitimis
244 398 337 419 suppliciis
348 398 441 415 cohercent
452 399 563 415 facinorosos⁴
588 399 611 415 Et
621 399 680 414 tamen
693 398 776 419 quoniam

60 431 86 444 ²⁴⁰
94 426 191 442 necessario
198 427 292 442 versantur
298 426 317 442 in
324 426 352 442 his
359 426 412 442 rebus
419 432 462 447 quae
469 432 509 442 cum
519 426 581 442 infima
590 426 626 442 fece
635 427 692 442 terrae
699 432 777 448 quaeque

94 459 134 470 cum
147 453 209 470 mundi
221 453 299 475 negociis
309 454 413 470 coniunctae
423 456 471 473 sunt,
482 454 581 475 periculum
592 455 619 470 est
629 459 652 470 ne
662 454 777 475 prolabantur

93 482 163 503 longius
172 487 176 501 ,⁵
188 487 210 498 ne
221 481 288 498 bellum
298 488 334 498 non
347 488 378 503 pro
388 488 407 498 ro
416 482 487 503 publica
500 483 530 499 sed
539 488 571 503 pro
579 487 611 498 sua
619 482 694 499 libidine
703 483 776 504 gerant:

93 515 114 526 ne
124 509 203 526 iusticiae
209 511 301 530 praetextu
308 510 377 527 seuiant
385 512 403 527 et
411 510 429 526 in
438 516 467 527 eos
477 516 521 532 quos
528 510 622 527 elementia
628 516 689 527 sanare
698 511 776 532 poterat:

93 543 115 554 ne
124 537 177 554 titulo
185 537 258 554 dominii
266 538 352 559 populum
361 538 440 559 expilent
449 544 525 559 quorum
534 544 562 555 res
572 538 618 555 tueri
627 538 729 555 debuerant.

59 571 84 583 ηε,
116 565 176 585 Porro,
184 566 204 581 vt
216 565 298 582 Christus
309 566 359 582 velut
373 566 419 587 ignis
433 567 500 583 aeterni
515 567 555 583 fons
569 566 681 583 sacerdotum
695 566 775 583 ordinem

92 594 172 614 proxime
184 593 205 609 ad
219 599 236 609 se
248 593 303 610 trahit
315 599 335 610 ac
343 594 392 610 velut
403 594 463 615 igneos
474 594 537 614 reddit,
546 600 599 615 puros
606 594 628 610 ab
636 594 686 611 omni
695 595 775 611 terrenae

92 621 134 637 fecis
154 621 245 642 contagio:
269 621 294 638 ita
314 621 424 638 sacerdotum
444 623 475 642 est,
496 623 514 638 et
531 622 636 644 praesertim
655 628 774 642 summorum,

92 649 179 670 principes
194 649 250 669 quoad
270 649 311 665 licet
332 649 353 666 ad
374 655 411 666 sese
427 655 494 666 vocare.
520 650 580 666 Sicubi
596 650 663 666 bellum
681 650 773 671 ingruerit,

92 677 195 693 adnitantur
206 677 297 698 pontifices
308 678 328 693 vt
339 678 369 693 aut
381 679 510 699 componantur
520 683 548 694 res
561 678 605 694 citra
616 678 728 699 sanguinem,
738 679 773 698 aut,

58 711 84 725 250
91 704 106 720 si
123 704 140 721 id
156 710 192 721 non
206 705 268 725 potest,
283 706 302 721 vt
317 706 359 721 sunt
373 711 432 722 rerum
447 706 566 722 humanarum
583 705 675 727 procellae,
692 707 739 722 certe
755 706 773 722 id

91 733 149 753 agant,
159 733 178 748 vt
187 732 247 748 minus
258 733 330 748 cruente
338 734 408 754 geratur
416 733 484 750 bellum
494 739 537 750 neue
549 734 567 750 in
579 733 652 755 longum
661 735 773 755 propagetur.

92 760 139 776 Olim
154 761 171 776 et
185 759 204 775 in
218 760 270 776 iustis
285 760 375 781 suppliciis
389 760 509 777 intercedebat
521 762 642 782 episcoporum
655 762 747 782 autoritas,
757 763 774 778 et

92 787 166 803 subinde
182 788 274 803 nocentem
291 793 299 803 e
314 787 393 804 iudicum
408 788 492 804 manibus
508 788 628 810 extorquebat.
643 790 663 805 vt
679 788 738 810 palam
755 789 773 806 in

91 815 170 836 epistolis
187 815 223 831 suis
240 816 317 832 testatur
329 816 445 837 Augustinus.
472 817 517 833 Sunt
535 817 583 833 enim
601 817 687 838 quaedam
705 817 730 833 ita
746 823 773 834 ne-

57 849 82 862 ²55
90 843 164 859 cessaria
172 843 193 859 ad
202 843 282 859 ordinem
291 843 397 865 reipublicae
403 845 422 860 vt
428 850 448 860 ea
457 845 518 861 tamen
527 844 609 861 Christus
617 845 683 866 partim
691 845 774 862 dissimu—

91 871 136 891 larit,
149 870 213 892 partim
230 876 240 887 a
254 877 271 887 se
287 871 370 891 reiecerit,
384 872 448 893 partim
463 878 494 888 uec
508 872 616 893 improbans,
627 878 659 889 nec
674 873 774 894 approbans

90 899 140 915 velut
157 898 178 915 ad
197 904 217 915 ea
237 899 336 916 eonniueat.
362 900 402 916 Non
422 900 502 921 agnoscit
523 906 618 917 nummum
640 901 719 918 Caesaris
740 907 773 918 nec

90 926 228 948 inscriptionem.
254 927 331 944 Censurn
342 927 367 944 ita
376 928 413 944 dari
423 928 477 948 iubet,
486 928 502 944 si
515 928 604 949 debeatur,
615 929 664 949 quasi
675 929 696 945 ad
709 934 727 945 se
737 935 773 946 non

90 955 168 971 multum
180 954 272 976 pertineat,
283 955 335 971 modo
348 956 400 972 detur
413 956 450 972 Deo
463 956 509 978 quod
522 956 550 972 illi
561 956 640 973 debetur.
665 957 772 973 Adulteram

56 984 82 997 260
90 988 121 999 nec
130 983 203 999 damnat
215 988 247 999 nec
258 982 315 1003 palam
328 983 409 1004 absoluit,
418 985 488 1001 tantum
500 984 549 1000 iubet
560 990 582 1001 ne
591 985 659 1005 repetat
668 985 771 1002 admissum.

90 1010 115 1026 De
129 1010 218 1027 damnatis
232 1016 242 1026 a
257 1011 319 1031 Pilato,
330 1017 405 1033 quorum
419 1012 525 1033 sanguinein
538 1012 633 1029 miscuerat
645 1018 687 1029 cum
699 1013 772 1030 illorum

89 1038 185 1058 sacrifieiis
195 1044 231 1055 non
248 1039 353 1060 pronunciat
368 1040 412 1056 recte
426 1046 449 1056 an
464 1046 513 1057 secus
528 1040 561 1057 hoc
574 1040 620 1062 passi
635 1041 683 1058 sint:
702 1042 772 1058 tantum

89 1066 147 1082 simile
167 1066 242 1082 exitium
266 1067 386 1084 comminatur
407 1068 495 1088 omnibus,
515 1068 551 1085 nisi
571 1069 692 1090 resipiscant..-
711 1069 771 1090 Porro,

88 1096 160 1110 vocatus
170 1094 236 1110 arbiter
246 1094 354 1111 diuidundae
366 1095 483 1115 haereditatis,
491 1096 549 1117 palam
562 1096 617 1112 reiicit
629 1097 712 1117 officium,
722 1097 772 1114 velut

55 1124 80 1141 165
88 1121 182 1143 indignum
194 1127 211 1138 se
223 1122 243 1138 de
255 1122 307 1139 rebus
316 1124 353 1139 tarn
362 1123 425 1140 crassis
433 1123 555 1145 pronunciare,
566 1124 596 1145 qui
605 1124 688 1141 coelestia
696 1125 771 1142 doceret.

88 1150 157 1170 Contra,
167 1151 209 1166 sunt
220 1155 264 1171 quae
272 1150 331 1171 palam
343 1151 444 1168 detestatur.
470 1151 492 1168 In
503 1151 599 1169 Phariseos
611 1158 678 1173 amaros,
688 1153 707 1169 in
718 1153 772 1175 hypo—

87 1177 145 1198 critas,
158 1178 176 1194 in
193 1178 258 1194 diuites
274 1178 329 1196 elatos
341 1179 378 1196 Vae
395 1180 470 1196 intonat.
495 1180 591 1202 Apostolos
607 1186 698 1203 nunquam
714 1182 772 1198 acrius

105 1226 137 1239 230.
147 1222 195 1235 nolim
203 1223 220 1236 Ji.
295 1227 327 1239 πμ,
337 1228 358 1241 7=
369 1224 451 1237 coniuncta
459 1231 471 1238 2-
541 1226 573 1242 2⁴3.
584 1226 633 1243 quoad
641 1231 658 1240 ιι
668 1227 745 1243 quantum
752 1227 770 1239 Η.

86 1241 149 1273 Ξέεζιιῖἶς
159 1241 193 1257 agat
201 1247 212 1254 α.
270 1242 302 1258 25⁶.
313 1246 321 1255 a
329 1247 346 1256 αι
356 1243 375 1256 ab
381 1244 400 1256 Η.
456 1244 488 1260 2⁶⁴.
499 1244 565 1258 officium
572 1246 605 1259 ωια.
613 1246 630 1259 H.
686 1245 718 1262 2⁶5.
730 1249 746 1259 se
753 1251 761 1259 a
768 1250 772 1258 ι

309 1298 340 1311 25⁴-
351 1295 455 1314 Augustinm]
466 1296 488 1309 cr.
496 1297 521 1313 Ep.
532 1301 564 1314 ¹3⁴-
