825 1433
101 71 135 87 370
298 70 407 87 LETTERS
423 70 453 87 OF
469 70 584 87 ERASMUS
730 68 785 91 [1518

101 116 140 131 tum
147 115 166 132 in
173 121 192 132 se
198 115 317 132 transformat.
339 114 397 131 Multa
402 114 469 131 Paulus
475 114 556 136 indulget
561 113 664 134 Corinthiis,
671 113 785 134 distinguens

102 143 174 160 interim
190 149 233 165 quae
248 142 321 159 Domini
341 142 413 159 nomine
429 144 534 164 proponeret
551 141 635 163 perfectis
652 142 670 157 et
689 146 734 162 quae
751 146 785 157 suo

67 176 94 190 ³¹0
101 171 173 188 nomine
182 171 281 192 indulgeret
289 171 366 187 infirmis
374 177 378 191 ;
389 171 422 187 hac
430 176 461 192 spe
469 171 535 191 tamen,
545 171 565 186 vt
575 169 687 191 proficerent.
713 168 784 185 Galatas

100 198 164 215 iterum
172 199 252 220 parturit,
263 199 318 215 donec
326 199 345 215 in
355 198 381 215 eis
390 198 476 214 formetur
482 198 570 215 Christus.

124 226 163 243 Iam
178 227 208 248 qui
222 226 291 248 putabit
304 227 351 243 hunc
366 226 452 243 circulum
467 225 577 247 principibus
591 224 647 246 magis
662 224 782 244 tribuendum,

101 260 140 270 cum
150 254 182 271 hoc
191 260 226 271 uon
232 255 287 271 fuerit
295 260 360 276 magna
368 254 465 271 contentio.
490 254 563 270 Etenim
571 253 586 270 si
594 258 654 269 mores
662 252 782 270 aestimemus.

100 282 130 298 vix
144 282 188 299 alios
200 283 260 299 videas
272 282 347 299 crassius
360 282 480 299 Christianos:
498 282 519 298 de
533 281 622 303 plerisque
634 281 701 302 loquor,
713 286 749 297 non
761 280 782 297 de

76 316 92 329 ¹5
100 310 188 327 omnihus.
213 311 299 332 Quicquid
312 311 372 327 autem
385 311 434 326 extra
446 310 519 326 tertium
532 309 618 326 circulum
632 309 671 328 erit,
682 308 701 325 id
713 314 783 330 semper

100 340 117 355 et
131 339 150 354 in
164 339 247 355 omnibus
262 338 390 355 detestandum.
417 338 466 359 Quod
484 343 540 359 genus
554 338 597 354 sunt
611 337 690 357 ambitio,
701 336 781 353 studium

99 367 188 387 pecuniae,
211 366 273 387 libido,
291 367 322 387 ira,
343 366 425 386 vindicta,
447 366 518 386 inuidia,
538 365 650 384 obtrectatio,
670 364 782 386 reliquaeque

100 395 167 415 peste-a:
185 395 214 411 sed
229 400 273 416 quae
285 396 324 411 tum
336 394 408 411 demum
419 394 465 410 fiunt
478 393 622 413 immedicabiles,
632 398 674 409 cum
685 392 756 414 pietatis
764 394 781 409 et

100 422 151 438 officii
165 428 239 443 persona
254 422 387 438 commendatae
402 422 420 437 in
435 422 534 443 superiores
549 421 624 437 circulos
639 421 730 441 irrepunt;
749 421 782 436 hoc

67 455 92 465 »ια
100 451 127 465 est
135 455 175 466 cum
184 450 262 466 iusticiam
271 450 349 471 iurisque
357 450 448 471 praetextu
457 450 537 465 nostram
547 454 649 465 exercemus
660 448 780 470 tyrannidem,

99 483 139 493 cum
152 483 183 498 per
197 477 288 499 religionis
300 477 409 494 occasionem
422 477 532 493 consulimus
545 476 630 498 quaestui,
641 482 682 493 cum
694 476 782 492 Ecclesiae

100 505 218 522 defendendae
225 505 278 521 titulo
284 505 395 521 mundanum
401 504 594 526 venamurimperium,
602 510 642 521 cum
649 504 782 525 praecipiuntur

99 532 149 549 velut
162 533 183 549 ad
199 533 264 549 Christi
279 538 316 549 rem
331 533 413 549 facientia
429 538 473 554 quae
489 532 594 554 longissime
610 532 675 548 absunt
690 537 700 548 a
715 531 781 548 Christi

98 561 182 578 doctrina.
207 561 285 577 Proinde
300 566 362 581 scopus
376 560 459 577 omnibus
474 561 501 576 est
515 561 628 582 ingerendus,
637 560 659 576 ad
674 565 727 581 quem
743 560 781 576 eni-

64 595 90 608 ³²3
98 589 164 605 tantur.
188 589 253 610 Seopus
269 589 330 605 autem
347 588 409 604 vnicus
430 589 460 608 est,
479 588 562 605 videl-icet
583 588 673 608 Christus,
689 589 707 604 et
726 587 780 604 huius

98 616 176 633 doctrina
187 616 288 637 purissima.
313 616 363 636 Quod
375 616 390 632 si
401 622 431 637 pro
443 616 515 632 coelem
524 622 576 637 scopo
584 617 677 632 ter-renum
685 621 778 637 proponas,

98 650 133 660 non
149 645 182 661 erit
198 644 219 660 ad
236 644 282 665 quod
297 645 343 660 recte
361 644 438 660 enitatur
454 644 485 665 qui
503 644 597 660 contendit
613 644 703 665 proficere.
729 643 779 664 Quod

97 678 189 689 summum
202 673 232 692 est,
242 672 259 688 id
274 671 357 688 omnibus
370 673 397 688 est
411 671 543 692 destinandum,
552 673 572 688 vt
585 672 649 688 saltem
664 677 780 693 assequamur

97 699 197 717 mediocria.

64 734 90 747 ³30
121 728 157 744 Nec
165 729 192 744 est
205 728 250 749 quod
260 727 316 744 vuum
323 728 370 744 vitae
381 733 438 749 genus
449 727 471 743 ab
482 727 515 744 hoc
525 733 578 749 scopo
589 727 731 744 submoueamus.
757 727 779 744 In

97 755 188 771 affectibus
202 756 228 771 est
240 755 306 771 Christi
319 755 409 776 perfectio,
417 760 454 771 non
467 755 485 770 in
494 755 542 771 vitae
553 761 628 776 genere;
641 756 658 771 in
671 755 737 771 animis
747 757 779 774 est,

98 788 133 799 non
149 783 168 799 in
184 783 243 804 palliis
257 783 288 799 aut
302 782 351 799 cibis.
377 782 423 799 Sunt
439 782 486 798 inter
502 783 598 799 monachos
613 788 657 804 quos
672 783 702 799 vix
717 783 779 804 recipit

97 811 187 827 extremus
199 810 285 830 circulus;
298 811 315 826 et
328 811 388 826 tamen
401 810 422 826 de
434 810 485 826 bonis
501 810 568 832 loquor,
578 811 607 827 sed
622 810 705 827 infirmis.
732 811 779 827 Sunt

98 838 144 854 inter
152 838 231 860 digamos
240 844 284 859 quos
292 838 374 854 Christus
383 838 440 859 primo
448 838 533 859 dignatur
541 838 611 855 circulo.
637 838 699 859 Neque
708 844 750 855 vero
758 839 780 855 fit

63 868 89 882 335
98 866 169 882 interim
185 866 217 882 vlli
233 866 279 882 vitae
296 866 401 887 professioni
420 865 489 884 iniuria,
505 866 520 882 si
538 866 584 887 quod
605 867 632 883 est
652 866 741 887 optimum
760 872 779 883 ac

96 894 245 915 perfectissimum
255 894 337 910 omnibus
346 894 455 915 proponitur.
477 893 516 910 Nisi
525 894 569 910 forte
578 894 630 910 Plato
639 894 779 911 contumeliosus

96 921 151 938 fuisse
164 923 236 943 putatur
246 922 264 938 in
274 921 342 938 omneis
352 921 438 942 ciuitates,
446 921 530 943 quoniam
542 922 561 938 in
572 922 637 939 Politia
648 928 680 938 sua
691 922 779 939 eiusmodi

96 950 203 971 reipublicae
217 950 308 971 proposuit
324 949 412 970 exemplar
427 950 478 971 quale
495 949 581 966 hactenus
591 950 650 966 videre
667 956 703 966 non
719 950 779 971 licuit;

96 979 126 994 aut
135 978 255 998 Quintilianus
264 978 367 994 vniuersum
376 979 465 994 oratorum
476 977 558 994 ordinem
570 978 615 998 lesit,
623 978 653 999 qui
661 978 696 995 tale
707 979 778 995 finxerit

62 1014 89 1027 ³⁴0
96 1005 169 1023 oratoris
183 1006 272 1027 exemplar
288 1006 346 1027 qualis
363 1006 420 1022 adhuc
437 1005 499 1022 nullus
518 1006 583 1022 extitit.
609 1006 673 1023 Procul
694 1007 737 1023 abes
757 1007 779 1024 ab

96 1034 191 1055 asehetypo
197 1035 205 1050 ζ)
217 1040 252 1050 non
261 1034 343 1054 reiiceris,
350 1034 381 1050 sed
390 1033 499 1050 extimularis
507 1035 527 1051 vt
539 1034 624 1056 proficias.
650 1034 691 1051 Non
700 1035 778 1052 multum

96 1062 149 1078 abes?
162 1062 264 1079 admoneris
272 1063 292 1078 vt
304 1062 376 1078 accedas
387 1062 465 1083 propius.
491 1062 552 1084 Neque
563 1063 612 1079 enini
621 1063 715 1085 quisquam
725 1069 779 1085 vsque

97 1090 139 1105 adeo
148 1091 232 1110 processit
240 1091 259 1106 vt
268 1096 304 1106 non
313 1090 377 1106 habeat
385 1096 420 1111 quo
428 1090 515 1110 proficiat.

119 1117 179 1134 Habet
188 1119 246 1134 autern
255 1117 394 1139 vnumquodque
402 1118 450 1134 vitae
459 1123 516 1139 genus
525 1120 600 1140 cognata
608 1119 695 1141 quaedam
706 1119 780 1141 degene-

62 1149 88 1163 345
96 1145 146 1161 randi
160 1146 242 1167 pericula.
269 1146 294 1162 Ea
305 1146 336 1167 qui
348 1146 475 1162 commonstrat
490 1151 525 1163 non
540 1147 613 1169 derogat
627 1147 691 1168 ordini,
699 1148 729 1164 sed
742 1153 779 1164 rem

96 1173 163 1190 ordinis
182 1174 222 1195 agit.
248 1174 307 1190 Veluti
324 1174 426 1195 principum
443 1174 520 1191 felicitas
540 1175 617 1192 obnoxia
637 1177 664 1192 est
680 1176 778 1197 tyrannidi,

96 1201 170 1218 obnoxia
184 1203 210 1219 est
226 1202 317 1222 stultitiae,
326 1202 403 1219 obnoxia
418 1202 521 1224 adulationi,
539 1204 614 1220 obnoxia
631 1204 705 1221 deliciis.
730 1204 780 1221 Haec

96 1230 127 1252 qui
140 1231 266 1247 commonstrat
278 1230 356 1251 vitanda,
369 1230 492 1247 benemeretur
503 1231 525 1248 de
535 1232 638 1254 principum
650 1233 717 1250 ordine.
744 1233 779 1249 Nec

113 1276 145 1289 313.
158 1273 219 1286 Etenim
227 1282 241 1286 ..
250 1273 435 1289 ‚315.0mnibusaa‹1.zz.
490 1278 522 1291 3¹7-
533 1275 556 1288 im
564 1276 600 1288 21³:
611 1275 657 1289 mn.
712 1279 744 1292 3⁴7>
755 1275 779 1288 nbv

95 1292 141 1305 nuxia
149 1291 208 1305 deliciis
216 1293 247 1305 απ.
255 1292 273 1305 Η,
