825 1433
89 75 123 91 452
286 75 394 92 LETTERS
410 75 440 92 OF
456 73 571 91 ERASMUS
715 71 771 94 [¹5¹3

89 119 161 141 quidem
175 121 193 136 et
207 119 281 136 feliciter
294 121 372 140 argutae,
386 119 416 135 sed
431 124 467 135 non
479 118 551 139 perinde
566 123 629 139 aequae
644 117 771 138 officiosaeque,

89 148 214 169 respondeam!
238 147 283 163 Vide
291 152 334 163 vero
342 153 386 163 num
395 148 411 163 et
422 146 466 163 illud
478 146 516 163 ioco
526 146 595 162 dietum
606 145 699 161 videatur:
713 144 771 161 ‘Tum

55 183 80 196 1⁴5
88 175 143 197 igitur
159 175 267 197 praediceres
283 176 300 191 te
316 174 422 196 Apologiam
439 174 525 194 meditari,
542 175 560 190 et
576 178 608 194 ego
623 172 698 189 fortasse
714 172 772 189 officio

88 203 160 219 functus
173 208 235 220 essem.
263 203 289 219 At
301 203 320 219 tu
334 209 362 219 me
377 202 503 224 Epimetheum
518 201 579 222 fecistiy
593 202 613 217 vt
624 206 656 222 per
668 201 686 216 te
698 200 770 222 quidem

88 236 125 247 rem
134 230 152 247 in
162 237 231 247 scenam
240 231 371 252 producendam
382 236 418 247 uon
429 231 470 247 ante
481 230 574 247 resciscere
584 229 674 251 potuerim
685 234 738 250 quan]
750 230 770 245 tu

88 258 179 280 prologum
188 259 207 275 in
216 259 329 280 proscenium
338 259 414 275 misisti.'

113 286 205 303 Hactenus
220 288 239 303 tu
256 292 298 303 sane
312 287 401 304 festiuiter
415 287 432 303 et
447 285 518 303 erudite.
549 285 599 306 Quod
616 290 683 305 mones,
698 285 773 302 fortasse

56 322 81 335 150
89 314 167 331 facturus
179 321 231 335 eram,
244 315 258 331 si
272 316 311 331 tum
326 315 408 331 Budaeus
420 314 441 331 ad
454 319 528 330 manum
540 314 608 330 fuisset.
633 313 714 330 Vulnera
726 319 770 334 quae

89 342 134 359 mihi
144 342 200 359 Faber
211 343 304 363 inflixerat,
319 349 356 359 sero
371 343 428 359 sensi:
442 348 473 358 uec
485 342 559 358 Louanii
571 342 666 363 quisquam
678 341 740 358 aderat
752 341 769 357 id

88 371 173 392 temporis
185 372 247 391 {nouus
263 371 311 387 enim
326 371 389 392 hospes
404 376 423 387 eo
439 371 529 391 veneram)
540 370 591 386 cuius
604 369 678 386 consil-io
690 369 770 386 multum

89 398 116 415 vel
130 398 226 415 tribuerem
239 399 267 415 vel
282 398 359 415 fiderem.
385 398 408 414 Et
422 397 468 419 quod
484 398 502 413 tu
519 398 593 414 sonasse
609 397 711 414 moniturus
725 403 769 417 eras,

89 427 108 442 vt
121 427 234 446 moderatius,
250 428 269 442 vt
284 426 351 447 parcius
366 425 495 446 responderem.
511 425 529 441 id
544 425 581 446 ipse
594 431 622 441 me
637 425 715 441 maxime
730 427 769 441 tum

56 459 80 473 ¹55
88 453 210 470 admonebam.
236 454 296 475 Neque
307 454 355 470 enim
366 455 402 470 tam
413 452 507 474 impotenti
516 458 556 469 sum
568 453 639 474 ingenio
649 458 703 474 quam
712 454 732 469 tu
741 458 770 469 me

89 481 131 497 facis
139 487 143 501 ς
156 487 212 502 neque
221 481 238 497 id
247 481 332 502 temporis
340 483 377 498 tam
386 481 445 497 animo
454 481 554 497 commotus
563 486 610 497 eram
620 486 673 502 quam
682 482 701 497 tu
710 481 770 502 imagi-

89 509 140 525 naris
161 510 240 525 Moerens
246 515 284 525 eam
291 509 397 530 Apologiam
404 508 472 529 scripsi,
478 514 514 525 non
521 508 577 525 iratus
582 509 613 525 aut
617 508 769 529 indignabundus.

88 537 109 553 Id
119 536 174 553 nolim
186 537 230 553 mihi
242 537 305 554 eredas.
315 537 330 552 si
343 537 436 558 quisquam
447 536 550 552 mortalium
559 536 629 553 audiuit
637 536 738 557 Erasmum,
748 542 769 553 eo

87 566 166 585 tempore
174 570 208 586 quo
214 564 279 581 vulnus
285 564 342 581 adhuc
350 570 409 581 reeens
415 565 466 584 esset,
472 563 501 580 vel
508 564 554 580 inter
559 564 622 585 pocula
629 570 669 580 eum
677 564 768 581 stomacho

54 594 80 608 160
87 592 187 613 loquentem
195 592 216 608 de
225 592 288 609 Fabro.
312 592 357 608 Mihi
366 592 419 613 igitur
429 593 467 608 tum
478 597 532 608 sanus
545 592 628 608 videbar:
641 592 688 609 idem
697 593 769 609 videtur

86 619 191 641 quibusdam
205 620 234 641 qui
247 620 303 636 Fabro
316 620 446 641 impensissime
456 619 517 636 fauent
530 625 584 641 eoque
594 621 706 641 praeceptore
718 620 768 642 glori-

86 648 142 663 antur.
168 648 246 668 Quorum
261 647 325 663 iudicio
340 647 440 669 plusculum
453 647 529 664 arbitror
543 647 575 664 hac
588 648 675 664 duntaxat
687 648 706 665 in
719 649 768 670 parte

86 675 201 691 tribuendum
217 681 270 696 quam
287 676 318 691 tuo
335 677 365 691 aut
382 677 458 695 tuorum,
473 680 549 696 quorum
566 675 611 692 alias
626 675 692 693 iudicio
709 676 768 693 tribuo

86 703 189 724 plurimum.
221 703 305 719 Cauillari
322 704 402 723 poteram
419 703 479 719 Gallos
494 703 553 720 fauere
569 703 621 723 Gallo
636 709 656 720 ac
673 704 769 721 reiectione

53 733 78 750 165
85 730 164 747 iudicum
177 731 207 747 vti.
232 731 258 747 Tu
271 731 331 752 procul
344 731 409 749 aberas,
419 733 438 747 vt
451 730 491 751 dixi,
503 733 521 747 et
534 737 562 748 res
574 737 657 752 praesens
669 732 767 749 remedium

86 758 190 779 postulabat.
225 759 357 775 Consuluissem
377 758 460 774 videlicet
476 759 498 776 te.
516 760 535 775 tu
554 765 668 776 conuocasses
685 762 768 777 senatum

86 786 188 806 amicorum,
201 788 218 803 et
230 787 270 807 post
282 791 349 802 annum
363 786 435 802 redisset
447 786 468 802 ad
482 791 514 803 uos
526 788 606 803 vestrum
620 788 717 805 oraculum.
742 789 768 805 At

87 819 117 829 eur
130 814 189 834 potius
204 815 223 830 tu
236 814 282 830 mihi
297 814 415 830 consulendus
431 819 468 830 eras
482 819 536 835 quam
551 815 603 831 amici
616 815 696 832 caeteri?
711 822 735 832 au
748 817 768 832 tu

87 841 135 857 solus
143 842 185 862 quid
195 842 265 858 deoebat
274 842 405 863 perspiciebas?
417 847 439 858 an
448 842 521 859 caeteris
528 848 564 859 uon
573 844 615 859 sunt
624 843 684 860 oculi?
696 845 716 860 vt
723 844 769 861 mihi

54 875 79 889 170
87 869 105 885 iu
115 875 154 885 mea
161 875 211 886 causa
220 869 305 886 iud-icium
314 870 387 886 adimas.

110 897 149 913 Iam
162 898 177 914 si
189 897 289 918 complures
303 898 368 914 amicos
384 897 517 918 consuluissem,
534 898 614 915 fortassis
630 904 692 916 omnes
709 900 769 916 mode>

86 925 150 941 randae
159 925 256 947 Apologiae
266 925 342 942 fuissent
354 927 427 942 autores.
454 926 565 947 Recepissem
575 932 603 943 me
612 927 706 944 facturum.
733 928 768 944 Hie

86 958 156 969 rursum
174 953 219 975 quod
236 953 281 969 mihi
297 953 460 970 moderatissimum
475 953 534 970 visum
551 954 619 975 suisset,
634 955 677 971 huic
694 957 725 972 aut
740 956 768 972 illi

85 986 148 1002 parum
165 981 275 998 moderatum
292 981 350 998 visum
367 982 439 998 fuisset:
458 981 492 998 uisi
510 982 555 999 forte
571 983 645 999 volebas
660 983 768 1005 Apologiam

53 1016 77 1030 ¹75
85 1009 190 1030 absolutam,
199 1011 216 1025 et
228 1015 280 1030 opera
293 1009 403 1026 notariorum
416 1009 435 1025 in
447 1009 514 1031 aliquot
527 1011 635 1032 exemplaria
647 1013 768 1034 propagatamy

86 1037 104 1053 in
114 1037 231 1055 Germaniam.
241 1037 353 1059 Hispaniam.
364 1037 476 1054 Britanniam
484 1038 502 1054 et
513 1039 590 1056 Galliam
601 1039 655 1060 mitti,
664 1040 768 1062 priusquam

85 1065 200 1082 excuderetur
211 1065 297 1082 formulis.
330 1065 403 1082 Vtinam
415 1065 433 1082 id
447 1065 508 1082 liceret
522 1067 541 1083 iu
557 1067 640 1084 omnibus
656 1067 707 1085 libris
724 1074 768 1090 quos

85 1092 165 1109 aedimus
173 1093 192 1109 in
201 1094 275 1114 vulgusl
295 1094 352 1114 Atqui
360 1095 379 1109 vt
389 1093 438 1109 nulla
444 1094 526 1114 sumptus
535 1095 622 1112 habeatur
630 1096 680 1116 ratio,
688 1097 768 1118 primum

86 1120 156 1137 difficile
164 1122 191 1137 est
199 1126 236 1137 esse
242 1121 354 1142 ingeniosum
361 1121 380 1137 in
387 1127 437 1142 opere
444 1121 503 1138 alieno
512 1129 516 1143 ς
528 1123 592 1139 deinde
599 1123 629 1139 vix
636 1129 693 1141 vnum
700 1124 769 1146 reperio

52 1153 78 1166 120
85 1149 114 1166 cui
122 1150 171 1166 vacet
180 1149 242 1165 alienis
248 1149 403 1166 lucubrationibus
409 1149 509 1167 attendere:
522 1151 611 1173 siquidem
617 1157 636 1168 ea
642 1157 671 1168 res
678 1154 768 1169 attentum

85 1177 163 1199 requirit.
189 1177 265 1193 Facilius
276 1177 352 1198 reperias
364 1177 394 1199 qui
407 1178 465 1194 aedita
478 1181 583 1200 cognoscant
595 1181 615 1196 vt
624 1182 703 1202 carpant,
714 1186 768 1202 quam

85 1206 117 1227 qui
126 1205 203 1222 aedenda
215 1208 341 1227 recognoscant
349 1207 369 1222 vt
379 1206 478 1222 emendent.
503 1206 601 1229 Postremo,
611 1214 651 1225 cum
660 1208 689 1226 hic
699 1215 768 1231 quoque

85 1233 184 1251 variassent
193 1233 290 1250 amicorum
301 1234 389 1256 suffragia,
399 1240 459 1251 nonne
471 1235 599 1253 moderationis
609 1242 665 1253 canon
675 1237 697 1254 ad
709 1243 767 1254 meam

84 1262 227 1279 aestimationem
236 1262 358 1279 reuolueretur
364 1263 372 1279 ἶ)
391 1262 415 1279 Vt
423 1263 520 1284 reperiatur
528 1264 592 1286 aliquis
600 1266 637 1281 tam
646 1265 720 1287 ociosus,
728 1266 769 1287 quis

94 1291 135 1316 Tu.
146 1300 191 1318 rum]
202 1300 224 1314 cf.
233 1300 259 1317 Ep<
266 1299 298 1313 ειο.
307 1299 358 1316 ςε-μ.
460 1305 491 1318 175.
501 1302 603 1320 mmmmm]
611 1302 632 1316 οι,
641 1302 668 1320 tp.
677 1304 709 1320 7⁵⁶·
716 1307 733 1319 μ
739 1307 755 1317 n.
